<?xml version="1.0" encoding="UTF-8"?>
<!DOCTYPE html PUBLIC "-//W3C//DTD XHTML 1.0 Transitional//EN"
    "http://www.w3.org/TR/xhtml1/DTD/xhtml1-transitional.dtd">
<html xmlns="http://www.w3.org/1999/xhtml" xml:lang="en" lang="en">
 <head>
  <title>
</title>
<meta http-equiv="Content-Type" content="text/html;charset=utf-8" />
  <meta name='ocr-system' content='tesseract 3.04.00' />
  <meta name='ocr-capabilities' content='ocr_page ocr_carea ocr_par ocr_line ocrx_word'/>
</head>
<body>
  <div class='ocr_page' id='page_1' title='image "bibliothecareru04jaffgoog_0032.png"; bbox 0 0 3064 4928; ppageno 0'>
   <div class='ocr_carea' id='block_1_1' title="bbox 433 249 1255 314">
    <p class='ocr_par' dir='ltr' id='par_1_1' title="bbox 433 249 1255 314">
     <span class='ocr_line' id='line_1_1' title="bbox 433 249 1255 314; baseline 0.001 -2"><span class='ocrx_word' id='word_1_1' title='bbox 433 259 551 312; x_wconf 75' lang='lat' dir='ltr'><strong>conns</strong></span> <span class='ocrx_word' id='word_1_2' title='bbox 572 259 777 311; x_wconf 77' lang='lat' dir='ltr'><strong>oironmus.</strong></span> <span class='ocrx_word' id='word_1_3' title='bbox 812 261 865 310; x_wconf 79' lang='lat' dir='ltr'><strong>ur.</strong></span> <span class='ocrx_word' id='word_1_4' title='bbox 884 259 937 312; x_wconf 78' lang='lat' dir='ltr'><strong>ie</strong></span> <span class='ocrx_word' id='word_1_5' title='bbox 1215 249 1255 314; x_wconf 75' lang='lat' dir='ltr'><strong>io</strong></span> 
     </span>
    </p>
   </div>
   <div class='ocr_carea' id='block_1_2' title="bbox 75 417 1326 510">
    <p class='ocr_par' dir='ltr' id='par_1_2' title="bbox 75 417 1326 510">
     <span class='ocr_line' id='line_1_2' title="bbox 75 417 1326 510; baseline 0 -25"><span class='ocrx_word' id='word_1_6' title='bbox 75 417 208 486; x_wconf 85' lang='lat' dir='ltr'><strong>Petrum</strong></span> <span class='ocrx_word' id='word_1_7' title='bbox 235 425 268 488; x_wconf 81' lang='lat' dir='ltr'><strong>et</strong></span> <span class='ocrx_word' id='word_1_8' title='bbox 294 439 353 487; x_wconf 84' lang='lat' dir='ltr'><strong>nos</strong></span> <span class='ocrx_word' id='word_1_9' title='bbox 383 422 513 508; x_wconf 83' lang='lat' dir='ltr'><strong>eiusque</strong></span> <span class='ocrx_word' id='word_1_10' title='bbox 541 422 731 508; x_wconf 68' lang='lat' dir='ltr'>peculiarem</span> <span class='ocrx_word' id='word_1_11' title='bbox 760 421 913 510; x_wconf 84' lang='lat' dir='ltr'><strong>populum</strong></span> <span class='ocrx_word' id='word_1_12' title='bbox 937 422 1068 490; x_wconf 70' lang='lat' dir='ltr'><strong>zelando</strong></span> <span class='ocrx_word' id='word_1_13' title='bbox 1092 429 1128 491; x_wconf 91' lang='lat' dir='ltr'><strong>et</strong></span> <span class='ocrx_word' id='word_1_14' title='bbox 1147 423 1254 491; x_wconf 81' lang='lat' dir='ltr'><strong>deien-</strong></span> <span class='ocrx_word' id='word_1_15' title='bbox 1275 431 1326 487; x_wconf 74' lang='grc'><strong>739</strong></span> 
     </span>
    </p>
   </div>
   <div class='ocr_carea' id='block_1_3' title="bbox 76 535 1255 737">
    <p class='ocr_par' dir='ltr' id='par_1_3' title="bbox 76 535 1255 737">
     <span class='ocr_line' id='line_1_3' title="bbox 76 535 1255 626; baseline 0.005 -25"><span class='ocrx_word' id='word_1_16' title='bbox 76 535 189 602; x_wconf 83' lang='lat' dir='ltr'><strong>dendo.</strong></span> <span class='ocrx_word' id='word_1_17' title='bbox 231 535 283 602; x_wconf 85' lang='lat' dir='ltr'><strong>Ex</strong></span> <span class='ocrx_word' id='word_1_18' title='bbox 304 536 364 604; x_wconf 92' lang='lat' dir='ltr'><strong>hoc</strong></span> <span class='ocrx_word' id='word_1_19' title='bbox 388 538 472 605; x_wconf 93' lang='lat' dir='ltr'><strong>enim</strong></span> <span class='ocrx_word' id='word_1_20' title='bbox 494 538 553 604; x_wconf 89' lang='lat' dir='ltr'><strong>tibi</strong></span> <span class='ocrx_word' id='word_1_21' title='bbox 576 539 696 626; x_wconf 88' lang='lat' dir='ltr'><strong>poteris</strong></span> <span class='ocrx_word' id='word_1_22' title='bbox 718 539 935 606; x_wconf 77' lang='lat' dir='ltr'><strong>memorialem</strong></span> <span class='ocrx_word' id='word_1_23' title='bbox 964 545 996 606; x_wconf 93' lang='lat' dir='ltr'><strong>et</strong></span> <span class='ocrx_word' id='word_1_24' title='bbox 1022 545 1183 607; x_wconf 69' lang='lat' dir='ltr'><strong>oeternum</strong></span> <span class='ocrx_word' id='word_1_25' title='bbox 1206 546 1255 608; x_wconf 82' lang='lat' dir='ltr'><strong>st·</strong></span> 
     </span>
     <span class='ocr_line' id='line_1_4' title="bbox 76 652 334 737; baseline 0.004 -19"><span class='ocrx_word' id='word_1_26' title='bbox 76 652 203 737; x_wconf 80' lang='lat' dir='ltr'><strong>quirem</strong></span> <span class='ocrx_word' id='word_1_27' title='bbox 226 653 334 719; x_wconf 80' lang='lat' dir='ltr'><strong>vitem.</strong></span> 
     </span>
    </p>
   </div>
   <div class='ocr_carea' id='block_1_4' title="bbox 1 984 1384 3763">
    <p class='ocr_par' dir='ltr' id='par_1_4' title="bbox 1 984 1384 3763">
     <span class='ocr_line' id='line_1_5' title="bbox 141 984 1253 1074; baseline 0.007 -28"><span class='ocrx_word' id='word_1_28' title='bbox 141 984 269 1068; x_wconf 72' lang='lat' dir='ltr'><strong>regitur</strong></span> <span class='ocrx_word' id='word_1_29' title='bbox 291 984 579 1072; x_wconf 70' lang='lat' dir='ltr'><strong>Langobardorum</strong></span> <span class='ocrx_word' id='word_1_30' title='bbox 605 989 799 1074; x_wconf 76' lang='lat' dir='ltr'><strong>per-micerit,</strong></span> <span class='ocrx_word' id='word_1_31' title='bbox 829 998 864 1052; x_wconf 80' lang='lat' dir='ltr'><strong>ut</strong></span> <span class='ocrx_word' id='word_1_32' title='bbox 888 986 971 1069; x_wconf 77' lang='lat' dir='ltr'><strong>firceo</strong></span> <span class='ocrx_word' id='word_1_33' title='bbox 998 986 1196 1054; x_wconf 68' lang='lat' dir='ltr'><strong>Rauennates</strong></span> <span class='ocrx_word' id='word_1_34' title='bbox 1223 1000 1253 1054; x_wconf 79' lang='lat' dir='ltr'><strong>et</strong></span> 
     </span>
     <span class='ocr_line' id='line_1_6' title="bbox 144 1099 1252 1190; baseline 0.004 -24"><span class='ocrx_word' id='word_1_35' title='bbox 144 1099 306 1166; x_wconf 69' lang='lat' dir='ltr'><strong>item</strong></span> <span class='ocrx_word' id='word_1_36' title='bbox 322 1103 424 1168; x_wconf 77' lang='lat' dir='ltr'><strong>denuo</strong></span> <span class='ocrx_word' id='word_1_37' title='bbox 441 1116 598 1170; x_wconf 64' lang='lat' dir='ltr'><strong>uexarent.</strong></span> <span class='ocrx_word' id='word_1_38' title='bbox 630 1102 829 1190; x_wconf 73' lang='lat' dir='ltr'><strong>Spoletinum</strong></span> <span class='ocrx_word' id='word_1_39' title='bbox 847 1115 875 1168; x_wconf 83' lang='lat' dir='ltr'><strong>et</strong></span> <span class='ocrx_word' id='word_1_40' title='bbox 890 1103 1146 1170; x_wconf 74' lang='lat' dir='ltr'><strong>Beneuentanum</strong></span> <span class='ocrx_word' id='word_1_41' title='bbox 1159 1105 1252 1170; x_wconf 76' lang='lat' dir='ltr'><strong>duces</strong></span> 
     </span>
     <span class='ocr_line' id='line_1_7' title="bbox 143 1216 1213 1308; baseline 0.004 -26"><span class='ocrx_word' id='word_1_42' title='bbox 143 1216 182 1282; x_wconf 79' lang='lat' dir='ltr'><strong>od</strong></span> <span class='ocrx_word' id='word_1_43' title='bbox 205 1217 352 1284; x_wconf 76' lang='lat' dir='ltr'><strong>ecoleeioe</strong></span> <span class='ocrx_word' id='word_1_44' title='bbox 376 1241 513 1286; x_wconf 85' lang='lat' dir='ltr'><strong>amorem</strong></span> <span class='ocrx_word' id='word_1_45' title='bbox 536 1245 556 1284; x_wconf 87' lang='lat' dir='ltr'><em>a</em></span> <span class='ocrx_word' id='word_1_46' title='bbox 578 1220 704 1306; x_wconf 69' lang='lat' dir='ltr'><strong>regitur</strong></span> <span class='ocrx_word' id='word_1_47' title='bbox 727 1219 884 1304; x_wconf 68' lang='lat' dir='ltr'><strong>inserturi.</strong></span> <span class='ocrx_word' id='word_1_48' title='bbox 919 1219 1087 1286; x_wconf 64' lang='lat' dir='ltr'><strong>Auxilium</strong></span> <span class='ocrx_word' id='word_1_49' title='bbox 1104 1225 1213 1308; x_wconf 69' lang='lat' dir='ltr'><strong>perir.</strong></span> 
     </span>
     <span class='ocr_line' id='line_1_8' title="bbox 965 1333 1252 1420; baseline 0.014 -20"><span class='ocrx_word' id='word_1_50' title='bbox 965 1333 1052 1417; x_wconf 83' lang='lat' dir='ltr'><strong>(Cod.</strong></span> <span class='ocrx_word' id='word_1_51' title='bbox 1074 1339 1101 1420; x_wconf 89' lang='lat'><strong>1,</strong></span> <span class='ocrx_word' id='word_1_52' title='bbox 1125 1335 1200 1406; x_wconf 84' lang='lat' dir='ltr'><strong>Oen.</strong></span> <span class='ocrx_word' id='word_1_53' title='bbox 1221 1335 1252 1418; x_wconf 84' lang='lat' dir='ltr'><strong>l)</strong></span> 
     </span>
     <span class='ocr_line' id='line_1_9' title="bbox 165 1465 1324 1553; baseline -0.001 -21"><span class='ocrx_word' id='word_1_54' title='bbox 165 1465 303 1533; x_wconf 89' lang='lat' dir='ltr'><strong>Domino</strong></span> <span class='ocrx_word' id='word_1_55' title='bbox 338 1466 601 1538; x_wconf 85' lang='lat' dir='ltr'><strong>excellentissimo</strong></span> <span class='ocrx_word' id='word_1_56' title='bbox 635 1466 701 1534; x_wconf 88' lang='lat' dir='ltr'><strong>iilic</strong></span> <span class='ocrx_word' id='word_1_57' title='bbox 734 1467 847 1535; x_wconf 86' lang='lat' dir='ltr'><strong>Gerolo</strong></span> <span class='ocrx_word' id='word_1_58' title='bbox 882 1467 1050 1553; x_wconf 82' lang='lat' dir='ltr'>subregulo</span> <span class='ocrx_word' id='word_1_59' title='bbox 1081 1467 1251 1552; x_wconf 80' lang='lat' dir='ltr'><strong>Gregorius</strong></span> <span class='ocrx_word' id='word_1_60' title='bbox 1271 1475 1324 1532; x_wconf 76' lang='lat'><strong>&#39;140</strong></span> 
     </span>
     <span class='ocr_line' id='line_1_10' title="bbox 1 1585 1303 1668; baseline 0.001 -30"><span class='ocrx_word' id='word_1_61' title='bbox 1 1623 2 1638; x_wconf 41' lang='lat' dir='ltr'><strong>r</strong></span> <span class='ocrx_word' id='word_1_62' title='bbox 75 1601 171 1668; x_wconf 67' lang='lat' dir='ltr'><strong>papa,</strong></span> <span class='ocrx_word' id='word_1_63' title='bbox 1297 1585 1303 1609; x_wconf 81' lang='lat'>⁸</span> 
     </span>
     <span class='ocr_line' id='line_1_11' title="bbox 166 1697 1252 1785; baseline 0.002 -21.604"><span class='ocrx_word' id='word_1_64' title='bbox 166 1697 274 1764; x_wconf 82' lang='lat' dir='ltr'><strong>Nimia</strong></span> <span class='ocrx_word' id='word_1_65' title='bbox 298 1697 487 1766; x_wconf 74' lang='lat' dir='ltr'><strong>fluctuamur</strong></span> <span class='ocrx_word' id='word_1_66' title='bbox 511 1699 718 1768; x_wconf 73' lang='lat' dir='ltr'><strong>tribulacione</strong></span> <span class='ocrx_word' id='word_1_67' title='bbox 747 1705 780 1768; x_wconf 92' lang='lat' dir='ltr'><strong>et</strong></span> <span class='ocrx_word' id='word_1_68' title='bbox 806 1699 936 1766; x_wconf 84' lang='lat' dir='ltr'><strong>lacrimo</strong></span> <span class='ocrx_word' id='word_1_69' title='bbox 959 1701 1010 1767; x_wconf 91' lang='lat' dir='ltr'><strong>die</strong></span> <span class='ocrx_word' id='word_1_70' title='bbox 1032 1704 1189 1785; x_wconf 86' lang='lat' dir='ltr'><strong>noctuque</strong></span> <span class='ocrx_word' id='word_1_71' title='bbox 1211 1699 1252 1766; x_wconf 80' lang='lat' dir='ltr'><strong>ab</strong></span> 
     </span>
     <span class='ocr_line' id='line_1_12' title="bbox 1 1813 1252 1904; baseline 0.003 -24"><span class='ocrx_word' id='word_1_72' title='bbox 1 1843 2 1846; x_wconf 40' lang='lat'>¹</span> <span class='ocrx_word' id='word_1_73' title='bbox 74 1813 175 1880; x_wconf 87' lang='lat' dir='ltr'><strong>oculis</strong></span> <span class='ocrx_word' id='word_1_74' title='bbox 197 1815 316 1882; x_wconf 84' lang='lat' dir='ltr'><strong>nostris</strong></span> <span class='ocrx_word' id='word_1_75' title='bbox 334 1836 397 1882; x_wconf 91' lang='lat' dir='ltr'><strong>non</strong></span> <span class='ocrx_word' id='word_1_76' title='bbox 414 1814 571 1900; x_wconf 74' lang='lat' dir='ltr'><strong>deficiunt,</strong></span> <span class='ocrx_word' id='word_1_77' title='bbox 596 1815 740 1902; x_wconf 63' lang='lat' dir='ltr'><strong>quando*</strong></span> <span class='ocrx_word' id='word_1_78' title='bbox 756 1817 978 1904; x_wconf 87' lang='lat' dir='ltr'><strong>conspicimus,</strong></span> <span class='ocrx_word' id='word_1_79' title='bbox 1002 1817 1116 1882; x_wconf 79' lang='lat' dir='ltr'><strong>cotidie</strong></span> <span class='ocrx_word' id='word_1_80' title='bbox 1139 1822 1171 1882; x_wconf 90' lang='lat' dir='ltr'><strong>et</strong></span> <span class='ocrx_word' id='word_1_81' title='bbox 1192 1836 1252 1884; x_wconf 90' lang='lat' dir='ltr'><strong>un·</strong></span> 
     </span>
     <span class='ocr_line' id='line_1_13' title="bbox 74 1931 1252 2018; baseline 0.002 -22"><span class='ocrx_word' id='word_1_82' title='bbox 74 1931 170 2016; x_wconf 83' lang='lat' dir='ltr'><strong>dique</strong></span> <span class='ocrx_word' id='word_1_83' title='bbox 192 1931 341 1998; x_wconf 78' lang='lat' dir='ltr'><strong>eclesiam</strong></span> <span class='ocrx_word' id='word_1_84' title='bbox 363 1937 506 1998; x_wconf 83' lang='lat' dir='ltr'><strong>sonetum</strong></span> <span class='ocrx_word' id='word_1_85' title='bbox 528 1932 589 2000; x_wconf 89' lang='lat' dir='ltr'><strong>Dei</strong></span> <span class='ocrx_word' id='word_1_86' title='bbox 612 1954 632 1999; x_wconf 84' lang='lat' dir='ltr'><strong>o</strong></span> <span class='ocrx_word' id='word_1_87' title='bbox 654 1934 735 2018; x_wconf 87' lang='lat' dir='ltr'><strong>suis,</strong></span> <span class='ocrx_word' id='word_1_88' title='bbox 763 1933 799 1999; x_wconf 93' lang='lat' dir='ltr'><strong>in</strong></span> <span class='ocrx_word' id='word_1_89' title='bbox 822 1934 936 2018; x_wconf 89' lang='lat' dir='ltr'><strong>quibus</strong></span> <span class='ocrx_word' id='word_1_90' title='bbox 962 1953 1034 2018; x_wconf 85' lang='lat' dir='ltr'><strong>spes</strong></span> <span class='ocrx_word' id='word_1_91' title='bbox 1058 1938 1126 1999; x_wconf 83' lang='lat' dir='ltr'><strong>eret</strong></span> <span class='ocrx_word' id='word_1_92' title='bbox 1148 1933 1252 1998; x_wconf 85' lang='lat' dir='ltr'><strong>vindi·</strong></span> 
     </span>
     <span class='ocr_line' id='line_1_14' title="bbox 1 2043 1252 2170; baseline 0.002 -59"><span class='ocrx_word' id='word_1_93' title='bbox 1 2127 2 2170; x_wconf 27' lang='grc'>1</span> <span class='ocrx_word' id='word_1_94' title='bbox 73 2047 178 2132; x_wconf 81' lang='lat' dir='ltr'><strong>emdi,</strong></span> <span class='ocrx_word' id='word_1_95' title='bbox 201 2047 350 2113; x_wconf 77' lang='lat' dir='ltr'><strong>destitni⁶</strong></span> <span class='ocrx_word' id='word_1_96' title='bbox 373 2043 458 2114; x_wconf 78' lang='lat' dir='ltr'><strong>filiii.</strong></span> <span class='ocrx_word' id='word_1_97' title='bbox 495 2045 630 2135; x_wconf 78' lang='lat' dir='ltr'><strong>Propter</strong></span> <span class='ocrx_word' id='word_1_98' title='bbox 652 2069 700 2134; x_wconf 85' lang='lat' dir='ltr'><strong>ee,</strong></span> <span class='ocrx_word' id='word_1_99' title='bbox 724 2050 858 2116; x_wconf 78' lang='lat' dir='ltr'><strong>coartati</strong></span> <span class='ocrx_word' id='word_1_100' title='bbox 881 2049 997 2133; x_wconf 89' lang='lat' dir='ltr'><strong>dolore,</strong></span> <span class='ocrx_word' id='word_1_101' title='bbox 1020 2049 1053 2114; x_wconf 93' lang='lat' dir='ltr'><strong>in</strong></span> <span class='ocrx_word' id='word_1_102' title='bbox 1076 2048 1197 2131; x_wconf 87' lang='lat' dir='ltr'><strong>gemitu</strong></span> <span class='ocrx_word' id='word_1_103' title='bbox 1219 2053 1252 2115; x_wconf 86' lang='lat' dir='ltr'><strong>et</strong></span> 
     </span>
     <span class='ocr_line' id='line_1_15' title="bbox 1 2151 1252 2250; baseline 0.002 -22"><span class='ocrx_word' id='word_1_104' title='bbox 1 2173 2 2248; x_wconf 63' lang='grc' dir='ltr'>ξ</span> <span class='ocrx_word' id='word_1_105' title='bbox 72 2161 161 2229; x_wconf 87' lang='lat' dir='ltr'><strong>luctu</strong></span> <span class='ocrx_word' id='word_1_106' title='bbox 176 2163 397 2245; x_wconf 83' lang='lat' dir='ltr'><strong>consistimus3</strong></span> <span class='ocrx_word' id='word_1_107' title='bbox 421 2164 497 2230; x_wconf 89' lang='lat' dir='ltr'><strong>dum</strong></span> <span class='ocrx_word' id='word_1_108' title='bbox 520 2165 677 2232; x_wconf 88' lang='lat' dir='ltr'><strong>cernimus</strong></span> <span class='ocrx_word' id='word_1_109' title='bbox 699 2166 744 2250; x_wconf 87' lang='lat' dir='ltr'><strong>id,</strong></span> <span class='ocrx_word' id='word_1_110' title='bbox 761 2151 852 2249; x_wconf 80' lang='lat' dir='ltr'><strong>¹quoti</strong></span> <span class='ocrx_word' id='word_1_111' title='bbox 874 2165 1032 2232; x_wconf 88' lang='lat' dir='ltr'><strong>modicum</strong></span> <span class='ocrx_word' id='word_1_112' title='bbox 1055 2169 1252 2230; x_wconf 79' lang='lat' dir='ltr'><strong>remanserat</strong></span> 
     </span>
     <span class='ocr_line' id='line_1_16' title="bbox 1 2276 1250 2388; baseline 0 -42"><span class='ocrx_word' id='word_1_113' title='bbox 1 2333 2 2388; x_wconf 30' lang='grc'>1</span> <span class='ocrx_word' id='word_1_114' title='bbox 73 2280 247 2365; x_wconf 81' lang='lat' dir='ltr'><strong>praeterito</strong></span> <span class='ocrx_word' id='word_1_115' title='bbox 272 2276 371 2346; x_wconf 85' lang='lat' dir='ltr'><strong>anno&#39;</strong></span> <span class='ocrx_word' id='word_1_116' title='bbox 390 2301 447 2366; x_wconf 91' lang='lat' dir='ltr'><strong>pro</strong></span> <span class='ocrx_word' id='word_1_117' title='bbox 471 2281 611 2348; x_wconf 88' lang='lat' dir='ltr'><strong>subsidio</strong></span> <span class='ocrx_word' id='word_1_118' title='bbox 636 2287 667 2350; x_wconf 89' lang='lat' dir='ltr'><strong>et</strong></span> <span class='ocrx_word' id='word_1_119' title='bbox 690 2281 839 2348; x_wconf 79' lang='lat' dir='ltr'><strong>alimento</strong></span> <span class='ocrx_word' id='word_1_120' title='bbox 863 2301 1037 2368; x_wconf 86' lang='lat' dir='ltr'><strong>pauperum</strong></span> <span class='ocrx_word' id='word_1_121' title='bbox 1054 2279 1171 2346; x_wconf 86' lang='lat' dir='ltr'><strong>Christi</strong></span> <span class='ocrx_word' id='word_1_122' title='bbox 1194 2301 1250 2346; x_wconf 89' lang='lat' dir='ltr'><strong>seu</strong></span> 
     </span>
     <span class='ocr_line' id='line_1_17' title="bbox 72 2393 1251 2484; baseline 0.001 -23"><span class='ocrx_word' id='word_1_123' title='bbox 72 2393 316 2462; x_wconf 75' lang='lat' dir='ltr'><strong>luminariorum</strong></span> <span class='ocrx_word' id='word_1_124' title='bbox 332 2396 575 2464; x_wconf 85' lang='lat' dir='ltr'><strong>concinnocione</strong></span> <span class='ocrx_word' id='word_1_125' title='bbox 598 2398 632 2463; x_wconf 92' lang='lat' dir='ltr'><strong>in</strong></span> <span class='ocrx_word' id='word_1_126' title='bbox 655 2397 798 2484; x_wconf 82' lang='lat' dir='ltr'><strong>pertibus</strong></span> <span class='ocrx_word' id='word_1_127' title='bbox 813 2396 1057 2480; x_wconf 83' lang='lat' dir='ltr'><strong>Ravenneoium,</strong></span> <span class='ocrx_word' id='word_1_128' title='bbox 1080 2415 1165 2463; x_wconf 91' lang='lat' dir='ltr'><strong>nunc</strong></span> <span class='ocrx_word' id='word_1_129' title='bbox 1184 2396 1251 2479; x_wconf 83' lang='lat' dir='ltr'><strong>gia·</strong></span> 
     </span>
     <span class='ocr_line' id='line_1_18' title="bbox 1 2510 1250 2599; baseline 0.002 -22"><span class='ocrx_word' id='word_1_130' title='bbox 1 2575 2 2586; x_wconf 68' lang='grc'>,</span> <span class='ocrx_word' id='word_1_131' title='bbox 74 2510 126 2576; x_wconf 91' lang='lat' dir='ltr'><strong>dio</strong></span> <span class='ocrx_word' id='word_1_132' title='bbox 150 2517 184 2578; x_wconf 86' lang='lat' dir='ltr'><strong>et</strong></span> <span class='ocrx_word' id='word_1_133' title='bbox 204 2512 272 2595; x_wconf 84' lang='lat' dir='ltr'><strong>igni</strong></span> <span class='ocrx_word' id='word_1_134' title='bbox 294 2511 427 2578; x_wconf 69' lang='lat' dir='ltr'><strong>cuncted</strong></span> <span class='ocrx_word' id='word_1_135' title='bbox 450 2513 591 2579; x_wconf 89' lang='lat' dir='ltr'><strong>consumi</strong></span> <span class='ocrx_word' id='word_1_136' title='bbox 616 2511 853 2599; x_wconf 85' lang='lat' dir='ltr'><strong>eLiudprendo</strong></span> <span class='ocrx_word' id='word_1_137' title='bbox 878 2517 909 2578; x_wconf 91' lang='lat' dir='ltr'><strong>et</strong></span> <span class='ocrx_word' id='word_1_138' title='bbox 923 2512 1099 2599; x_wconf 89' lang='lat' dir='ltr'><strong>Hilprendo</strong></span> <span class='ocrx_word' id='word_1_139' title='bbox 1122 2512 1250 2596; x_wconf 87' lang='lat' dir='ltr'><strong>regibus</strong></span> 
     </span>
     <span class='ocr_line' id='line_1_19' title="bbox 74 2605 1251 2716; baseline 0 -24"><span class='ocrx_word' id='word_1_140' title='bbox 74 2625 367 2712; x_wconf 78' lang='lat' dir='ltr'><strong>Langobardorum.</strong></span> <span class='ocrx_word' id='word_1_141' title='bbox 404 2625 467 2694; x_wconf 91' lang='lat' dir='ltr'><strong>Sed</strong></span> <span class='ocrx_word' id='word_1_142' title='bbox 489 2628 522 2694; x_wconf 90' lang='lat' dir='ltr'><strong>in</strong></span> <span class='ocrx_word' id='word_1_143' title='bbox 544 2629 614 2695; x_wconf 89' lang='lat' dir='ltr'><strong>istis</strong></span> <span class='ocrx_word' id='word_1_144' title='bbox 631 2629 773 2716; x_wconf 85' lang='lat' dir='ltr'><strong>pertibus</strong></span> <span class='ocrx_word' id='word_1_145' title='bbox 789 2605 949 2712; x_wconf 67' lang='lat' dir='ltr'><strong>Romenis</strong></span> <span class='ocrx_word' id='word_1_146' title='bbox 973 2629 1135 2694; x_wconf 80' lang='lat' dir='ltr'><strong>mittentes</strong></span> <span class='ocrx_word' id='word_1_147' title='bbox 1158 2627 1251 2714; x_wconf 81' lang='lat' dir='ltr'><strong>plura</strong></span> 
     </span>
     <span class='ocr_line' id='line_1_20' title="bbox 1 2741 1251 2829; baseline 0 -19"><span class='ocrx_word' id='word_1_148' title='bbox 1 2781 2 2802; x_wconf 36' lang='grc' dir='ltr'><strong>κ</strong></span> <span class='ocrx_word' id='word_1_149' title='bbox 75 2744 225 2828; x_wconf 73' lang='lat' dir='ltr'><strong>exercitu,</strong></span> <span class='ocrx_word' id='word_1_150' title='bbox 248 2743 368 2810; x_wconf 79' lang='lat' dir='ltr'><strong>similis</strong></span> <span class='ocrx_word' id='word_1_151' title='bbox 382 2743 472 2812; x_wconf 90' lang='lat' dir='ltr'><strong>nobis</strong></span> <span class='ocrx_word' id='word_1_152' title='bbox 487 2745 631 2812; x_wconf 85' lang='lat' dir='ltr'><strong>fecerunt</strong></span> <span class='ocrx_word' id='word_1_153' title='bbox 652 2751 684 2812; x_wconf 90' lang='lat' dir='ltr'><strong>et</strong></span> <span class='ocrx_word' id='word_1_154' title='bbox 705 2745 836 2829; x_wconf 85' lang='lat' dir='ltr'><strong>faciunt,</strong></span> <span class='ocrx_word' id='word_1_155' title='bbox 860 2750 892 2812; x_wconf 90' lang='lat' dir='ltr'><strong>et</strong></span> <span class='ocrx_word' id='word_1_156' title='bbox 907 2765 1015 2812; x_wconf 88' lang='lat' dir='ltr'><strong>omnes</strong></span> <span class='ocrx_word' id='word_1_157' title='bbox 1031 2741 1133 2812; x_wconf 83' lang='lat' dir='ltr'><strong>oelos¹</strong></span> <span class='ocrx_word' id='word_1_158' title='bbox 1150 2743 1251 2812; x_wconf 79' lang='lat' dir='ltr'><strong>saneti</strong></span> 
     </span>
     <span class='ocr_line' id='line_1_21' title="bbox 1 2833 1215 2947; baseline 0 -21"><span class='ocrx_word' id='word_1_159' title='bbox 1 2833 2 2878; x_wconf 16' lang='grc' dir='ltr'><strong>ἴ</strong></span> <span class='ocrx_word' id='word_1_160' title='bbox 74 2858 163 2927; x_wconf 83' lang='lat' dir='ltr'><strong>Petri</strong></span> <span class='ocrx_word' id='word_1_161' title='bbox 184 2860 411 2926; x_wconf 86' lang='lat' dir='ltr'><strong>destruxerunt</strong></span> <span class='ocrx_word' id='word_1_162' title='bbox 432 2865 464 2927; x_wconf 85' lang='lat' dir='ltr'><strong>et</strong></span> <span class='ocrx_word' id='word_1_163' title='bbox 485 2855 625 2947; x_wconf 82' lang='lat' dir='ltr'><strong>peculia&#39;</strong></span> <span class='ocrx_word' id='word_1_164' title='bbox 649 2881 729 2945; x_wconf 84' lang='lat' dir='ltr'><strong>quae</strong></span> <span class='ocrx_word' id='word_1_165' title='bbox 751 2857 987 2928; x_wconf 75' lang='lat' dir='ltr'><strong>remanserant⁴</strong></span> <span class='ocrx_word' id='word_1_166' title='bbox 1008 2860 1215 2928; x_wconf 80' lang='lat' dir='ltr'><strong>abstulerunt</strong></span> 
     </span>
     <span class='ocr_line' id='line_1_22' title="bbox 164 2975 1249 3064; baseline 0 -21"><span class='ocrx_word' id='word_1_167' title='bbox 164 2975 208 3044; x_wconf 76' lang='lat' dir='ltr'><strong>iit</strong></span> <span class='ocrx_word' id='word_1_168' title='bbox 229 2975 318 3043; x_wconf 82' lang='lat' dir='ltr'><strong>nulia</strong></span> <span class='ocrx_word' id='word_1_169' title='bbox 337 2976 438 3060; x_wconf 85' lang='lat' dir='ltr'><strong>nobis,</strong></span> <span class='ocrx_word' id='word_1_170' title='bbox 462 2977 545 3064; x_wconf 84' lang='lat' dir='ltr'><strong>apud</strong></span> <span class='ocrx_word' id='word_1_171' title='bbox 561 2981 593 3043; x_wconf 88' lang='lat' dir='ltr'><strong>te</strong></span> <span class='ocrx_word' id='word_1_172' title='bbox 609 2977 872 3045; x_wconf 85' lang='lat' dir='ltr'><strong>excellentissime</strong></span> <span class='ocrx_word' id='word_1_173' title='bbox 887 2977 933 3042; x_wconf 90' lang='lat' dir='ltr'><strong>iili</strong></span> <span class='ocrx_word' id='word_1_174' title='bbox 953 2977 1108 3062; x_wconf 86' lang='lat' dir='ltr'><strong>refugium</strong></span> <span class='ocrx_word' id='word_1_175' title='bbox 1131 2977 1249 3045; x_wconf 84' lang='lat' dir='ltr'><strong>iacien-</strong></span> 
     </span>
     <span class='ocr_line' id='line_1_23' title="bbox 75 3092 1249 3180; baseline 0.002 -22"><span class='ocrx_word' id='word_1_176' title='bbox 75 3092 177 3177; x_wconf 79' lang='lat' dir='ltr'><strong>tibus,</strong></span> <span class='ocrx_word' id='word_1_177' title='bbox 199 3093 347 3180; x_wconf 86' lang='lat' dir='ltr'><strong>pervenit</strong></span> <span class='ocrx_word' id='word_1_178' title='bbox 368 3097 496 3159; x_wconf 85' lang='lat' dir='ltr'><strong>eotenus</strong></span> <span class='ocrx_word' id='word_1_179' title='bbox 519 3092 705 3160; x_wconf 77' lang='lat' dir='ltr'><strong>consolacio.</strong></span> <span class='ocrx_word' id='word_1_180' title='bbox 743 3093 803 3160; x_wconf 88' lang='lat' dir='ltr'><strong>Sed</strong></span> <span class='ocrx_word' id='word_1_181' title='bbox 827 3099 863 3160; x_wconf 89' lang='lat' dir='ltr'><strong>ut</strong></span> <span class='ocrx_word' id='word_1_182' title='bbox 885 3094 1096 3180; x_wconf 82' lang='lat' dir='ltr'><strong>conspicimus</strong></span> <span class='ocrx_word' id='word_1_183' title='bbox 1114 3130 1156 3140; x_wconf 94' lang='lat'>—</span> <span class='ocrx_word' id='word_1_184' title='bbox 1174 3095 1249 3160; x_wconf 89' lang='lat' dir='ltr'><strong>dum</strong></span> 
     </span>
     <span class='ocr_line' id='line_1_24' title="bbox 76 3208 1249 3299; baseline 0 -25"><span class='ocrx_word' id='word_1_185' title='bbox 76 3209 234 3275; x_wconf 87' lang='lat' dir='ltr'><strong>indultum</strong></span> <span class='ocrx_word' id='word_1_186' title='bbox 257 3229 283 3274; x_wconf 74' lang='lat' dir='ltr'><strong>o</strong></span> <span class='ocrx_word' id='word_1_187' title='bbox 298 3208 388 3275; x_wconf 83' lang='lat' dir='ltr'><strong>uobis</strong></span> <span class='ocrx_word' id='word_1_188' title='bbox 412 3209 530 3276; x_wconf 86' lang='lat' dir='ltr'><strong>eisdem</strong></span> <span class='ocrx_word' id='word_1_189' title='bbox 552 3208 681 3299; x_wconf 71' lang='lat' dir='ltr'><strong>regibus</strong></span> <span class='ocrx_word' id='word_1_190' title='bbox 707 3215 756 3276; x_wconf 90' lang='lat' dir='ltr'><strong>est</strong></span> <span class='ocrx_word' id='word_1_191' title='bbox 778 3212 920 3276; x_wconf 89' lang='lat' dir='ltr'><strong>mocione</strong></span> <span class='ocrx_word' id='word_1_192' title='bbox 941 3210 1078 3276; x_wconf 80' lang='lat' dir='ltr'><strong>faciendi</strong></span> <span class='ocrx_word' id='word_1_193' title='bbox 1099 3245 1142 3256; x_wconf 86' lang='lat'><em>-</em></span> <span class='ocrx_word' id='word_1_194' title='bbox 1166 3209 1249 3294; x_wconf 92' lang='lat' dir='ltr'><strong>quod</strong></span> 
     </span>
     <span class='ocr_line' id='line_1_25' title="bbox 77 3323 1249 3412; baseline 0 -22"><span class='ocrx_word' id='word_1_195' title='bbox 77 3343 184 3390; x_wconf 89' lang='lat' dir='ltr'><strong>eornm</strong></span> <span class='ocrx_word' id='word_1_196' title='bbox 206 3324 289 3390; x_wconf 82' lang='lat' dir='ltr'><strong>false</strong></span> <span class='ocrx_word' id='word_1_197' title='bbox 310 3325 468 3408; x_wconf 82' lang='lat' dir='ltr'><strong>suggestio</strong></span> <span class='ocrx_word' id='word_1_198' title='bbox 492 3324 563 3412; x_wconf 89' lang='lat' dir='ltr'><strong>plus</strong></span> <span class='ocrx_word' id='word_1_199' title='bbox 587 3343 680 3410; x_wconf 86' lang='lat' dir='ltr'><strong>quam</strong></span> <span class='ocrx_word' id='word_1_200' title='bbox 704 3330 813 3391; x_wconf 87' lang='lat' dir='ltr'><strong>nostro</strong></span> <span class='ocrx_word' id='word_1_201' title='bbox 835 3327 952 3392; x_wconf 86' lang='lat' dir='ltr'><strong>veritas</strong></span> <span class='ocrx_word' id='word_1_202' title='bbox 980 3324 1065 3412; x_wconf 82' lang='lat' dir='ltr'><strong>opud</strong></span> <span class='ocrx_word' id='word_1_203' title='bbox 1087 3323 1184 3390; x_wconf 84' lang='lat' dir='ltr'><strong>vobis</strong></span> <span class='ocrx_word' id='word_1_204' title='bbox 1199 3344 1249 3390; x_wconf 90' lang='lat' dir='ltr'><strong>re-</strong></span> 
     </span>
     <span class='ocr_line' id='line_1_26' title="bbox 76 3439 1249 3530; baseline -0.001 -23"><span class='ocrx_word' id='word_1_205' title='bbox 76 3446 169 3528; x_wconf 78' lang='lat' dir='ltr'><strong>cepta</strong></span> <span class='ocrx_word' id='word_1_206' title='bbox 183 3446 240 3508; x_wconf 84' lang='lat' dir='ltr'><strong>est</strong></span> <span class='ocrx_word' id='word_1_207' title='bbox 276 3439 320 3508; x_wconf 85' lang='lat' dir='ltr'><strong>Et</strong></span> <span class='ocrx_word' id='word_1_208' title='bbox 342 3443 499 3524; x_wconf 85' lang='lat' dir='ltr'><strong>timemus,</strong></span> <span class='ocrx_word' id='word_1_209' title='bbox 523 3461 563 3508; x_wconf 91' lang='lat' dir='ltr'><strong>ne</strong></span> <span class='ocrx_word' id='word_1_210' title='bbox 585 3441 644 3508; x_wconf 93' lang='lat' dir='ltr'><strong>tibi</strong></span> <span class='ocrx_word' id='word_1_211' title='bbox 667 3441 818 3530; x_wconf 83' lang='lat' dir='ltr'><strong>respiciet</strong></span> <span class='ocrx_word' id='word_1_212' title='bbox 840 3443 880 3510; x_wconf 83' lang='lat' dir='ltr'><strong>ad</strong></span> <span class='ocrx_word' id='word_1_213' title='bbox 903 3446 1081 3529; x_wconf 67' lang='lat' dir='ltr'><strong>peccatum</strong></span> <span class='ocrx_word' id='word_1_214' title='bbox 1106 3439 1249 3526; x_wconf 83' lang='lat' dir='ltr'><strong>quando·</strong></span> 
     </span>
     <span class='ocr_line' id='line_1_27' title="bbox 77 3557 1384 3646; baseline -0.002 -22"><span class='ocrx_word' id='word_1_215' title='bbox 77 3576 178 3642; x_wconf 87' lang='lat' dir='ltr'><strong>nunc,</strong></span> <span class='ocrx_word' id='word_1_216' title='bbox 206 3557 262 3625; x_wconf 89' lang='lat' dir='ltr'><strong>ubi</strong></span> <span class='ocrx_word' id='word_1_217' title='bbox 284 3557 425 3626; x_wconf 85' lang='lat' dir='ltr'><strong>resident</strong></span> <span class='ocrx_word' id='word_1_218' title='bbox 445 3557 509 3644; x_wconf 86' lang='lat' dir='ltr'><strong>ipsi</strong></span> <span class='ocrx_word' id='word_1_219' title='bbox 531 3579 638 3643; x_wconf 86' lang='lat' dir='ltr'><strong>reges,</strong></span> <span class='ocrx_word' id='word_1_220' title='bbox 668 3559 707 3626; x_wconf 81' lang='lat' dir='ltr'><strong>ad</strong></span> <span class='ocrx_word' id='word_1_221' title='bbox 735 3559 1016 3646; x_wconf 81' lang='lat' dir='ltr'><strong>exprobrecionem</strong></span> <span class='ocrx_word' id='word_1_222' title='bbox 1038 3561 1180 3624; x_wconf 85' lang='lat' dir='ltr'><strong>nostrum</strong></span> <span class='ocrx_word' id='word_1_223' title='bbox 1203 3557 1252 3624; x_wconf 86' lang='lat' dir='ltr'><strong>itu</strong></span> <span class='ocrx_word' id='word_1_224' title='bbox 1377 3565 1384 3574; x_wconf 90' lang='lat'>&#39;</span> 
     </span>
     <span class='ocr_line' id='line_1_28' title="bbox 77 3672 1249 3763; baseline -0.001 -23"><span class='ocrx_word' id='word_1_225' title='bbox 77 3674 241 3760; x_wconf 71' lang='lat' dir='ltr'><strong>proferunt</strong></span> <span class='ocrx_word' id='word_1_226' title='bbox 256 3672 353 3741; x_wconf 84' lang='lat' dir='ltr'><strong>verbe</strong></span> <span class='ocrx_word' id='word_1_227' title='bbox 367 3673 522 3740; x_wconf 75' lang='lat' dir='ltr'><strong>dicentes:</strong></span> <span class='ocrx_word' id='word_1_228' title='bbox 544 3675 704 3743; x_wconf 74' lang='lat' dir='ltr'><strong>Adveniet</strong></span> <span class='ocrx_word' id='word_1_229' title='bbox 720 3675 862 3758; x_wconf 81' lang='lat' dir='ltr'><strong>Carolus,</strong></span> <span class='ocrx_word' id='word_1_230' title='bbox 882 3677 971 3763; x_wconf 83' lang='lat' dir='ltr'><strong>apud</strong></span> <span class='ocrx_word' id='word_1_231' title='bbox 986 3697 1076 3763; x_wconf 84' lang='lat' dir='ltr'><strong>quem</strong></span> <span class='ocrx_word' id='word_1_232' title='bbox 1089 3675 1249 3762; x_wconf 64' lang='lat' dir='ltr'><strong>rffuqium</strong></span> 
     </span>
    </p>
   </div>
   <div class='ocr_carea' id='block_1_5' title="bbox 1 862 1253 1214">
    <p class='ocr_par' dir='ltr' id='par_1_5' title="bbox 1 813 1253 1214">
     <span class='ocr_line' id='line_1_29' title="bbox 79 862 1253 957; baseline 0.002 -22.875"><span class='ocrx_word' id='word_1_233' title='bbox 79 862 113 934; x_wconf 77' lang='lat'><strong>2.</strong></span> <span class='ocrx_word' id='word_1_234' title='bbox 145 864 320 954; x_wconf 71' lang='lat' dir='ltr'><strong>Gregorius</strong></span> <span class='ocrx_word' id='word_1_235' title='bbox 338 867 401 934; x_wconf 88' lang='grc' dir='ltr'><strong>ΙΙΙ</strong></span> <span class='ocrx_word' id='word_1_236' title='bbox 421 892 511 957; x_wconf 81' lang='lat' dir='ltr'><strong>popo</strong></span> <span class='ocrx_word' id='word_1_237' title='bbox 534 867 683 936; x_wconf 81' lang='lat' dir='ltr'><strong>Corolum</strong></span> <span class='ocrx_word' id='word_1_238' title='bbox 705 869 893 936; x_wconf 81' lang='lat' dir='ltr'><strong>Mortellom</strong></span> <span class='ocrx_word' id='word_1_239' title='bbox 920 869 1134 956; x_wconf 70' lang='lat' dir='ltr'><strong>reprehendit,</strong></span> <span class='ocrx_word' id='word_1_240' title='bbox 1166 872 1253 956; x_wconf 81' lang='lat' dir='ltr'><strong>quod</strong></span> 
     </span>
     <span class='ocr_line' id='line_1_30' title="bbox 1 1071 2 1138; baseline 0 0"><span class='ocrx_word' id='word_1_241' title='bbox 1 1071 2 1138; x_wconf 80' lang='lat' dir='ltr'><strong>i</strong></span> 
     </span>
     <span class='ocr_line' id='line_1_31' title="bbox 1 1151 2 1214; baseline 0 0"><span class='ocrx_word' id='word_1_242' title='bbox 1 1151 2 1214; x_wconf 84' lang='lat' dir='ltr'><strong>i</strong></span> 
     </span>
    </p>
   </div>
   <div class='ocr_carea' id='block_1_6' title="bbox 78 3849 1249 4072">
    <p class='ocr_par' dir='ltr' id='par_1_6' title="bbox 78 3849 1249 4072">
     <span class='ocr_line' id='line_1_32' title="bbox 148 3849 1249 3914; baseline -0.001 -15"><span class='ocrx_word' id='word_1_243' title='bbox 148 3865 171 3899; x_wconf 74' lang='grc' dir='ltr'><strong>ι.</strong></span> <span class='ocrx_word' id='word_1_244' title='bbox 193 3869 222 3899; x_wconf 69' lang='lat' dir='ltr'><em>a</em></span> <span class='ocrx_word' id='word_1_245' title='bbox 239 3852 291 3898; x_wconf 77' lang='lat' dir='ltr'><strong>cod.</strong></span> <span class='ocrx_word' id='word_1_246' title='bbox 305 3855 326 3909; x_wconf 77' lang='lat' dir='ltr'><strong>s.</strong></span> <span class='ocrx_word' id='word_1_247' title='bbox 339 3854 371 3898; x_wconf 85' lang='lat' dir='ltr'><strong>io</strong></span> <span class='ocrx_word' id='word_1_248' title='bbox 384 3873 406 3884; x_wconf 86' lang='lat'>-</span> <span class='ocrx_word' id='word_1_249' title='bbox 418 3854 440 3899; x_wconf 81' lang='lat'><strong>2.</strong></span> <span class='ocrx_word' id='word_1_250' title='bbox 456 3855 562 3899; x_wconf 64' lang='lat' dir='ltr'><strong>bane:</strong></span> <span class='ocrx_word' id='word_1_251' title='bbox 578 3852 716 3913; x_wconf 70' lang='lat' dir='ltr'><strong>epistol·</strong></span> <span class='ocrx_word' id='word_1_252' title='bbox 732 3853 866 3912; x_wconf 79' lang='lat' dir='ltr'><strong>Gregorii</strong></span> <span class='ocrx_word' id='word_1_253' title='bbox 882 3865 974 3914; x_wconf 70' lang='lat' dir='ltr'><strong>pupis</strong></span> <span class='ocrx_word' id='word_1_254' title='bbox 991 3849 1025 3898; x_wconf 74' lang='lat' dir='ltr'><strong>uri</strong></span> <span class='ocrx_word' id='word_1_255' title='bbox 1041 3851 1174 3899; x_wconf 75' lang='lat' dir='ltr'><strong>Gerulum</strong></span> <span class='ocrx_word' id='word_1_256' title='bbox 1191 3865 1249 3898; x_wconf 78' lang='lat' dir='ltr'><strong>ms·</strong></span> 
     </span>
     <span class='ocr_line' id='line_1_33' title="bbox 78 3932 1249 3993; baseline 0.002 -15"><span class='ocrx_word' id='word_1_257' title='bbox 78 3933 168 3982; x_wconf 72' lang='lat' dir='ltr'><strong>iorem</strong></span> <span class='ocrx_word' id='word_1_258' title='bbox 186 3932 287 3980; x_wconf 76' lang='lat' dir='ltr'><strong>domn</strong></span> <span class='ocrx_word' id='word_1_259' title='bbox 309 3933 399 3980; x_wconf 82' lang='lat' dir='ltr'><strong>urim</strong></span> <span class='ocrx_word' id='word_1_260' title='bbox 418 3945 469 3993; x_wconf 80' lang='lat' dir='ltr'><strong>pro</strong></span> <span class='ocrx_word' id='word_1_261' title='bbox 490 3933 664 3982; x_wconf 80' lang='lat' dir='ltr'><strong>detonsione</strong></span> <span class='ocrx_word' id='word_1_262' title='bbox 683 3937 803 3982; x_wconf 73' lang='lat' dir='ltr'><strong>runcise</strong></span> <span class='ocrx_word' id='word_1_263' title='bbox 819 3933 872 3982; x_wconf 75' lang='lat' dir='ltr'><strong>oei</strong></span> <span class='ocrx_word' id='word_1_264' title='bbox 888 3933 1041 3980; x_wconf 78' lang='lat' dir='ltr'><strong>ecclesius.</strong></span> <span class='ocrx_word' id='word_1_265' title='bbox 1119 3932 1142 3980; x_wconf 79' lang='lat' dir='ltr'><strong>i.</strong></span> <span class='ocrx_word' id='word_1_266' title='bbox 1166 3935 1212 3992; x_wconf 76' lang='lat' dir='ltr'><strong>quo</strong></span> <span class='ocrx_word' id='word_1_267' title='bbox 1229 3949 1249 3980; x_wconf 77' lang='lat' dir='ltr'><strong>e.</strong></span> 
     </span>
     <span class='ocr_line' id='line_1_34' title="bbox 78 4011 1151 4072; baseline 0 -14"><span class='ocrx_word' id='word_1_268' title='bbox 78 4025 98 4058; x_wconf 78' lang='lat' dir='ltr'><strong>t.</strong></span> <span class='ocrx_word' id='word_1_269' title='bbox 119 4012 206 4058; x_wconf 68' lang='lat' dir='ltr'><strong>deotitu</strong></span> <span class='ocrx_word' id='word_1_270' title='bbox 222 4030 242 4058; x_wconf 81' lang='lat' dir='ltr'><strong>c.</strong></span> <span class='ocrx_word' id='word_1_271' title='bbox 321 4011 345 4060; x_wconf 78' lang='lat' dir='ltr'><strong>d.</strong></span> <span class='ocrx_word' id='word_1_272' title='bbox 368 4016 572 4060; x_wconf 66' lang='lat' dir='ltr'><strong>contemnetur</strong></span> <span class='ocrx_word' id='word_1_273' title='bbox 588 4023 622 4062; x_wconf 78' lang='lat' dir='ltr'><strong>ur</strong></span> <span class='ocrx_word' id='word_1_274' title='bbox 637 4015 716 4060; x_wconf 78' lang='lat' dir='ltr'><strong>eadem</strong></span> <span class='ocrx_word' id='word_1_275' title='bbox 733 4031 801 4062; x_wconf 70' lang='lat' dir='ltr'><strong>nunu</strong></span> <span class='ocrx_word' id='word_1_276' title='bbox 817 4017 839 4060; x_wconf 76' lang='lat' dir='ltr'><strong>in</strong></span> <span class='ocrx_word' id='word_1_277' title='bbox 856 4015 944 4062; x_wconf 57' lang='lat' dir='ltr'><strong>cunct&amp;</strong></span> <span class='ocrx_word' id='word_1_278' title='bbox 1023 4027 1045 4062; x_wconf 83' lang='lat' dir='ltr'><strong>o.</strong></span> <span class='ocrx_word' id='word_1_279' title='bbox 1069 4012 1114 4072; x_wconf 64' lang='grc' dir='ltr'><strong>ᾳιῑὸ</strong></span> <span class='ocrx_word' id='word_1_280' title='bbox 1131 4029 1151 4059; x_wconf 90' lang='lat' dir='ltr'><strong>e.</strong></span> 
     </span>
    </p>
   </div>
   <div class='ocr_carea' id='block_1_7' title="bbox 77 4116 1250 4456">
    <p class='ocr_par' dir='ltr' id='par_1_7' title="bbox 77 4116 1250 4456">
     <span class='ocr_line' id='line_1_35' title="bbox 148 4116 1248 4188; baseline 0 -18"><span class='ocrx_word' id='word_1_281' title='bbox 148 4117 173 4171; x_wconf 88' lang='lat'><strong>1.</strong></span> <span class='ocrx_word' id='word_1_282' title='bbox 191 4130 264 4172; x_wconf 79' lang='lat' dir='ltr'><strong>cuno</strong></span> <span class='ocrx_word' id='word_1_283' title='bbox 283 4117 344 4172; x_wconf 84' lang='grc'><strong>739.</strong></span> <span class='ocrx_word' id='word_1_284' title='bbox 422 4117 448 4174; x_wconf 75' lang='lat' dir='ltr'><strong>i.</strong></span> <span class='ocrx_word' id='word_1_285' title='bbox 467 4116 593 4174; x_wconf 79' lang='lat' dir='ltr'><strong>aedificis</strong></span> <span class='ocrx_word' id='word_1_286' title='bbox 610 4119 738 4188; x_wconf 77' lang='lat' dir='ltr'><strong>agrestis</strong></span> <span class='ocrx_word' id='word_1_287' title='bbox 816 4119 842 4176; x_wconf 83' lang='lat'><strong>3.</strong></span> <span class='ocrx_word' id='word_1_288' title='bbox 860 4133 970 4188; x_wconf 83' lang='lat' dir='ltr'><strong>pecore.</strong></span> <span class='ocrx_word' id='word_1_289' title='bbox 1051 4117 1077 4172; x_wconf 85' lang='lat'><strong>4.</strong></span> <span class='ocrx_word' id='word_1_290' title='bbox 1096 4131 1168 4172; x_wconf 83' lang='lat' dir='ltr'><strong>enno</strong></span> <span class='ocrx_word' id='word_1_291' title='bbox 1187 4116 1248 4170; x_wconf 79' lang='grc'><strong>739.</strong></span> 
     </span>
     <span class='ocr_line' id='line_1_36' title="bbox 78 4203 1248 4276; baseline 0 -16"><span class='ocrx_word' id='word_1_292' title='bbox 78 4203 146 4260; x_wconf 73' lang='lat' dir='ltr'><strong>iiam</strong></span> <span class='ocrx_word' id='word_1_293' title='bbox 167 4220 233 4276; x_wconf 77' lang='lat' dir='ltr'><strong>„per</strong></span> <span class='ocrx_word' id='word_1_294' title='bbox 246 4221 369 4261; x_wconf 85' lang='lat' dir='ltr'><strong>mensem</strong></span> <span class='ocrx_word' id='word_1_295' title='bbox 381 4203 540 4276; x_wconf 77' lang='lat' dir='ltr'><strong>Augustum</strong></span> <span class='ocrx_word' id='word_1_296' title='bbox 558 4207 692 4264; x_wconf 85' lang='lat' dir='ltr'><strong>ind.V11“</strong></span> <span class='ocrx_word' id='word_1_297' title='bbox 711 4209 800 4263; x_wconf 79' lang='lat' dir='ltr'><strong>Romu</strong></span> <span class='ocrx_word' id='word_1_298' title='bbox 816 4221 958 4263; x_wconf 81' lang='lat' dir='ltr'><strong>reversum</strong></span> <span class='ocrx_word' id='word_1_299' title='bbox 976 4219 1038 4260; x_wconf 84' lang='lat' dir='ltr'><strong>esec</strong></span> <span class='ocrx_word' id='word_1_300' title='bbox 1049 4203 1248 4276; x_wconf 85' lang='lat' dir='ltr'><strong>Liutprsndum</strong></span> 
     </span>
     <span class='ocr_line' id='line_1_37' title="bbox 79 4292 1250 4368; baseline -0.002 -18"><span class='ocrx_word' id='word_1_301' title='bbox 79 4309 178 4364; x_wconf 72' lang='lat' dir='ltr'><strong>regen,</strong></span> <span class='ocrx_word' id='word_1_302' title='bbox 197 4300 313 4366; x_wconf 74' lang='lat' dir='ltr'><strong>rppsret</strong></span> <span class='ocrx_word' id='word_1_303' title='bbox 331 4293 425 4352; x_wconf 81' lang='lat' dir='ltr'><strong>oVito&#39;</strong></span> <span class='ocrx_word' id='word_1_304' title='bbox 442 4293 589 4352; x_wconf 71' lang='lat' dir='ltr'><strong>Zachariae</strong></span> <span class='ocrx_word' id='word_1_305' title='bbox 611 4295 640 4352; x_wconf 89' lang='lat' dir='ltr'><strong>iu</strong></span> <span class='ocrx_word' id='word_1_306' title='bbox 650 4296 772 4368; x_wconf 88' lang='lat' dir='ltr'><strong>Vignoiii</strong></span> <span class='ocrx_word' id='word_1_307' title='bbox 789 4293 849 4352; x_wconf 88' lang='lat' dir='ltr'><strong>Lib.</strong></span> <span class='ocrx_word' id='word_1_308' title='bbox 861 4300 938 4367; x_wconf 80' lang='lat' dir='ltr'><strong>pont</strong></span> <span class='ocrx_word' id='word_1_309' title='bbox 951 4295 979 4350; x_wconf 90' lang='lat'><strong>11</strong></span> <span class='ocrx_word' id='word_1_310' title='bbox 996 4295 1040 4350; x_wconf 85' lang='grc'><strong>60.</strong></span> <span class='ocrx_word' id='word_1_311' title='bbox 1073 4292 1114 4351; x_wconf 82' lang='lat' dir='ltr'><strong>Gi.</strong></span> <span class='ocrx_word' id='word_1_312' title='bbox 1127 4294 1250 4364; x_wconf 80' lang='lat' dir='ltr'><strong>Regestc</strong></span> 
     </span>
     <span class='ocr_line' id='line_1_38' title="bbox 77 4384 493 4456; baseline 0 -16"><span class='ocrx_word' id='word_1_313' title='bbox 77 4389 151 4454; x_wconf 77' lang='lat' dir='ltr'><strong>pout</strong></span> <span class='ocrx_word' id='word_1_314' title='bbox 164 4384 243 4440; x_wconf 81' lang='lat' dir='ltr'><strong>Rom.</strong></span> <span class='ocrx_word' id='word_1_315' title='bbox 261 4399 289 4456; x_wconf 84' lang='lat' dir='ltr'><strong>p.</strong></span> <span class='ocrx_word' id='word_1_316' title='bbox 303 4385 356 4440; x_wconf 70' lang='lat'><strong>182</strong></span> <span class='ocrx_word' id='word_1_317' title='bbox 373 4401 400 4442; x_wconf 78' lang='lat' dir='ltr'><strong>n</strong></span> <span class='ocrx_word' id='word_1_318' title='bbox 416 4385 493 4441; x_wconf 71' lang='lat'><strong>1732.</strong></span> 
     </span>
    </p>
   </div>
   <div class='ocr_carea' id='block_1_8' title="bbox 0 0 1536 4928">
    <p class='ocr_par' dir='ltr' id='par_1_8' title="bbox 0 0 1536 4928">
     <span class='ocr_line' id='line_1_39' title="bbox 0 0 1536 4928; baseline 0 0"><span class='ocrx_word' id='word_1_319' title='bbox 0 0 1536 4928; x_wconf 95' lang='lat' dir='ltr'><strong> </strong></span> 
     </span>
    </p>
   </div>
  </div>
 </body>
</html>
