3052 4934
393 217 511 268 coner
534 217 738 268 cruounms.
773 221 826 270 m.
843 217 886 272 ee.
899 219 934 271 ss
1191 210 1253 276 11⁷

82 375 146 444 Deo
161 382 352 464 cooperante
368 377 478 446 eadem
496 384 606 446 nostra
628 399 700 467 spes
722 379 815 448 firma
836 401 1026 468 permanens
1049 383 1089 450 ad
1113 384 1255 454 obtatum
1274 403 1416 460 761-766

83 493 271 579 perducatur
292 495 499 577 desiderium,
530 501 578 594 ιιι
594 497 706 564 marito
734 517 774 565 ex
802 498 862 564 hoc
885 519 905 564 a
926 499 1010 566 iusto
1037 500 1163 568 domino
1187 502 1255 570 Deo

82 616 186 677 nostro
209 610 299 677 vobis
330 611 363 676 in
392 611 551 698 praesenti
581 617 612 679 et
632 612 741 678 futura
762 614 829 679 viia
851 613 1009 682 tribuatur
1030 619 1254 704 remuneratio,

83 724 170 792 beato
199 727 345 813 principe
374 727 588 814 apostolorum
617 728 861 814 interueniente,
891 751 948 816 pro
972 733 1061 798 cuius
1086 753 1193 802 amore
1221 736 1255 802 in

83 843 145 909 eius
169 841 338 910 decertetis
362 844 480 926 causis3
503 843 641 929 laetique
656 843 749 911 solite
764 843 803 911 de
819 851 923 913 vestro
946 847 999 934 pio
1023 850 1186 936 proposito
1210 850 1255 918 sl·

81 958 161 1042 lecti,
185 979 259 1026 cum
281 961 437 1047 propheta
459 979 598 1027 consona
612 979 725 1026 canere
740 960 901 1029 ualeamus
917 983 1007 1030 uoce:
1033 965 1165 1032 Salvam
1179 968 1253 1052 fae,

81 1075 226 1157 Domine,
251 1077 546 1144 christianismum
556 1079 736 1166 Peppiaum
750 1101 864 1166 sepem,
886 1103 977 1166 qoem
993 1082 1059 1148 oleo
1075 1098 1183 1152 sonmo
1196 1107 1256 1173 per

81 1216 191 1258 manas
214 1194 353 1280 apostoli
374 1197 423 1260 tasi
443 1197 545 1282 nopai
568 1198 778 1282 praecepisti3
808 1211 837 1263 ct
860 1199 978 1264 raaudi
999 1221 1084 1280 aem,
1115 1203 1150 1266 s'a
1174 1224 1254 1287 qao·
1299 1263 1304 1270 .

83 1331 210 1396 campas
232 1311 284 1374 die
306 1313 498 1378 invocaverit
520 1305 574 1377 te¹.
666 1309 746 1377 Cum
769 1311 818 1378 his
835 1333 909 1378 vero
925 1313 1200 1399 deprecationibus
1223 1321 1256 1384 et

82 1425 137 1492 hoc
158 1426 228 1492 eius
252 1427 403 1513 pietatem
419 1447 599 1512 quesumus,
622 1432 659 1494 ut
673 1427 766 1512 longo
783 1429 870 1495 senio
889 1429 979 1512 regni
1001 1431 1176 1516 potentiam
1200 1451 1255 1504 ex-

82 1541 243 1609 cellentiae
258 1546 392 1626 uestrae,
416 1543 583 1609 commatri
598 1563 617 1609 a
632 1543 700 1611 Deo
716 1550 877 1631 protectus
891 1547 1019 1629 reginae
1036 1552 1130 1633 atque
1145 1567 1255 1616 amau·

82 1658 209 1726 tissimis
238 1659 322 1725 natis
345 1659 459 1725 uestris
488 1659 613 1725 domnis
636 1658 749 1727 Catulo
773 1666 805 1728 et
827 1660 1054 1747 Carlomanno,
1083 1663 1254 1749 praecelsis

83 1775 205 1858 regibus
227 1773 422 1841 Francorum
446 1778 477 1840 et
499 1774 642 1860 patriciis
665 1774 893 1862 Romanorum,
922 1783 1017 1873 atque¹
1038 1778 1254 1849 nobilissimae

83 1889 212 1958 domnae
233 1889 353 1958 Gisilae
376 1890 545 1958 sulubriter
567 1891 718 1957 concedat
740 1892 975 1979 possidendum,
999 1893 1141 1962 tribuens
1164 1895 1253 1962 uobis

83 2012 113 2072 et
135 2013 294 2074 aeternam
317 2009 351 2074 iu
374 2006 562 2074 caelestibus
584 2007 691 2091 regnis
715 2007 941 2076 beatitudinem
965 2010 1198 2097 perfruendam.

167 2118 358 2191 lucolomem
381 2123 601 2192 excellentiam
624 2128 762 2191 vestram
785 2125 888 2209 gratia
910 2146 1048 2214 superna
1071 2128 1238 2196 custodiat

87 2335 143 2408 33.
164 2337 290 2404 Paulas
304 2339 329 2404 I
344 2361 438 2426 papa
461 2337 572 2404 Carolo
597 2352 626 2404 et
648 2336 877 2406 Carolomuaao
906 2341 1031 2427 rapidas
1053 2341 1255 2408 Francorum

168 2456 300 2522 Peterem
327 2457 474 2522 sanaem
501 2478 592 2520 snum
616 2456 818 2520 commendet.
861 2455 985 2536 Monet,
1015 2469 1050 2522 at
1077 2459 1254 2526 recondes

169 2569 205 2639 S.
221 2572 314 2637 Petri
333 2575 514 2658 prospicere
532 2580 697 2658 perpaat'.
921 2569 1009 2652 (Ood.
1027 2573 1080 2655 42,
1104 2570 1180 2639 Oen.
1197 2574 1253 2655 28)

167 2703 315 2772 Dominis
336 2705 542 2772 nobilissimis
572 2710 667 2790 atque
694 2705 966 2771 excellentissimis
989 2703 1062 2771 filiis
1085 2704 1198 2773 carolo
1222 2712 1255 2774 et
1272 2726 1414 2783 tel-766

86 2819 311 2888 carolomanno
335 2821 462 2905 regibus
485 2820 679 2888 Francorum
709 2825 741 2887 et
769 2820 912 2908 patriciis
935 2819 1149 2888 Romanorum
1170 2820 1253 2889 Pau-

86 2935 130 3004 lus
150 2958 245 3026 papa

168 3052 254 3122 Olim
277 3054 476 3140 omnipotens
498 3051 601 3137 Dens,
630 3070 760 3119 cernens
789 3051 898 3139 populi
926 3053 975 3118 sui
997 3052 1185 3120 Israhelitici
1207 3051 1254 3119 la·

88 3170 307 3238 mentitionem
335 3174 367 3236 ei
394 3169 528 3256 impiam
556 3167 595 3236 ab
617 3167 786 3254 Aegyptiis
814 3169 879 3235 fllia
905 3170 1054 3236 infertum
1077 3168 1255 3256 obpressio-

88 3305 163 3371 nem,
181 3287 331 3354 misertus
349 3291 398 3354 est
412 3286 468 3370 eis,
486 3285 616 3352 mittens
631 3281 785 3350 famulum
800 3305 893 3351 suum
907 3283 1053 3371 Moysen;
1076 3305 1133 3370 per
1149 3303 1253 3368 quem,

89 3403 171 3488 signa
192 3409 225 3472 et
246 3401 393 3490 prodigia
415 3421 575 3485 exercens,
600 3399 751 3467 eundem*
774 3421 865 3468 suum
889 3400 1006 3488 eripuit
1027 3398 1194 3486 populum;
1223 3403 1256 3466 et

90 3539 140 3605 per
160 3541 249 3604 eum,
277 3518 379 3603 legem
402 3517 466 3584 illis
489 3517 673 3600 instituens,
703 3516 907 3603 adoptatam
931 3535 985 3582 eos
1013 3515 1077 3580 illis
1104 3513 1255 3600 perduxit

90 3637 231 3721 requiem.
271 3633 331 3702 (ini
361 3635 456 3702 etiam
484 3632 590 3716 Iosue,
620 3637 656 3696 ut
682 3631 890 3718 praeliaretur
918 3629 1002 3698 belle
1024 3629 1170 3714 Domini,
1199 3629 1254 3696 ad·

91 3752 195 3834 nectit3
230 3756 324 3837 atque
361 3749 439 3816 alios
460 3749 524 3816 ,sui
557 3747 656 3815 divini
688 3748 826 3814 nominis
856 3747 991 3814 cultores
1026 3747 1071 3814 eis
1100 3745 1256 3813 concessit

92 3867 296 3935 auxiliatores.
337 3864 399 3934 Sed
422 3865 455 3932 in
480 3864 625 3932 omnibus
654 3863 718 3929 illis
745 3882 809 3928 non
835 3863 881 3930 ita
904 3862 1095 3949 complacuit
1116 3863 1184 3929 eius
1207 3860 1255 3927 di·

159 4023 178 4056 ι
200 4027 228 4056 es
243 4009 297 4056 sed.
311 4013 332 4066 f.
343 4008 491 4055 sss-4812·
515 4010 621 4054 ummo.-
641 4005 712 4052 Item
729 4004 875 4064 exemplar
891 4003 1039 4064 epistolae
1060 4003 1189 4050 eiusdem
1204 4015 1254 4061 pa·

93 4101 140 4147 pue
155 4087 186 4135 ud
200 4089 331 4136 domnum
347 4087 477 4136 Gerulum
494 4088 521 4134 st
537 4086 757 4134 carlomannum
777 4083 895 4142 regibus
917 4083 1042 4139 directa.
1063 4082 1093 4128 iu
1113 4093 1166 4141 qua
1186 4093 1254 4127 eon·

93 4168 198 4217 tiustur
223 4181 274 4230 pro
299 4167 470 4214 detonsione
499 4167 618 4213 sanctas
641 4164 697 4212 Dei
721 4164 874 4211 eeclesiae.
990 4161 1014 4209 b.
1040 4159 1139 4208 eundum
1159 4161 1254 4206 sorr.tn

95 4246 182 4294 mudum
197 4266 216 4295 a.

159 4339 425 4410 afflamm
