<?xml version="1.0" encoding="UTF-8"?>
<!DOCTYPE html PUBLIC "-//W3C//DTD XHTML 1.0 Transitional//EN"
    "http://www.w3.org/TR/xhtml1/DTD/xhtml1-transitional.dtd">
<html xmlns="http://www.w3.org/1999/xhtml" xml:lang="en" lang="en">
 <head>
  <title>
</title>
<meta http-equiv="Content-Type" content="text/html;charset=utf-8" />
  <meta name='ocr-system' content='tesseract 3.04.00' />
  <meta name='ocr-capabilities' content='ocr_page ocr_carea ocr_par ocr_line ocrx_word'/>
</head>
<body>
  <div class='ocr_page' id='page_1' title='image "bibliothecareru04jaffgoog_0031.png"; bbox 0 0 3064 4928; ppageno 0'>
   <div class='ocr_carea' id='block_1_1' title="bbox 280 217 1094 284">
    <p class='ocr_par' dir='ltr' id='par_1_1' title="bbox 280 217 1094 284">
     <span class='ocr_line' id='line_1_1' title="bbox 280 217 1094 284; baseline -0.005 0"><span class='ocrx_word' id='word_1_1' title='bbox 280 217 321 284; x_wconf 92' lang='grc'><strong>14</strong></span> <span class='ocrx_word' id='word_1_2' title='bbox 516 240 518 244; x_wconf 95' lang='grc'><strong><em>·</em></strong></span> <span class='ocrx_word' id='word_1_3' title='bbox 632 232 749 281; x_wconf 81' lang='lat' dir='ltr'><strong>counx</strong></span> <span class='ocrx_word' id='word_1_4' title='bbox 772 231 975 282; x_wconf 80' lang='lat' dir='ltr'><strong>enuoumus.</strong></span> <span class='ocrx_word' id='word_1_5' title='bbox 1011 229 1094 280; x_wconf 71' lang='lat' dir='ltr'><strong>nar</strong></span> 
     </span>
    </p>
   </div>
   <div class='ocr_carea' id='block_1_2' title="bbox 205 386 1460 708">
    <p class='ocr_par' dir='ltr' id='par_1_2' title="bbox 205 386 1460 708">
     <span class='ocr_line' id='line_1_2' title="bbox 205 386 1459 473; baseline -0.002 -16"><span class='ocrx_word' id='word_1_6' title='bbox 205 403 256 457; x_wconf 79' lang='grc'><strong>791</strong></span> <span class='ocrx_word' id='word_1_7' title='bbox 276 393 421 463; x_wconf 85' lang='lat' dir='ltr'><strong>TURUM</strong></span> <span class='ocrx_word' id='word_1_8' title='bbox 449 393 561 462; x_wconf 86' lang='lat' dir='ltr'>SUIS·</span> <span class='ocrx_word' id='word_1_9' title='bbox 586 390 750 460; x_wconf 86' lang='lat' dir='ltr'>DEESSE</span> <span class='ocrx_word' id='word_1_10' title='bbox 780 389 1109 458; x_wconf 84' lang='lat' dir='ltr'>SUCCESSORIBUS</span> <span class='ocrx_word' id='word_1_11' title='bbox 1132 387 1363 473; x_wconf 82' lang='lat' dir='ltr'>VIDEATUR,</span> <span class='ocrx_word' id='word_1_12' title='bbox 1393 386 1459 454; x_wconf 87' lang='lat' dir='ltr'><strong>UT</strong></span> 
     </span>
     <span class='ocr_line' id='line_1_3' title="bbox 277 499 1460 594; baseline -0.007 -16"><span class='ocrx_word' id='word_1_13' title='bbox 277 509 506 578; x_wconf 66' lang='lat' dir='ltr'>SCRIPTUM*</span> <span class='ocrx_word' id='word_1_14' title='bbox 534 508 630 576; x_wconf 87' lang='lat' dir='ltr'>EST:</span> <span class='ocrx_word' id='word_1_15' title='bbox 662 506 947 594; x_wconf 84' lang='lat' dir='ltr'>„SAPIENTIAM</span> <span class='ocrx_word' id='word_1_16' title='bbox 981 505 1148 574; x_wconf 84' lang='lat' dir='ltr'>OMNIUM</span> <span class='ocrx_word' id='word_1_17' title='bbox 1175 499 1460 586; x_wconf 72' lang='lat' dir='ltr'><strong>ANTIQUORUH</strong></span> 
     </span>
     <span class='ocr_line' id='line_1_4' title="bbox 274 621 1008 708; baseline -0.004 -14"><span class='ocrx_word' id='word_1_18' title='bbox 274 626 486 708; x_wconf 77' lang='lat' dir='ltr'>EXQUIRET</span> <span class='ocrx_word' id='word_1_19' title='bbox 510 621 731 694; x_wconf 82' lang='lat' dir='ltr'>SAPIENS“¹</span> <span class='ocrx_word' id='word_1_20' title='bbox 753 623 809 692; x_wconf 89' lang='lat' dir='ltr'><strong>ET</strong></span> <span class='ocrx_word' id='word_1_21' title='bbox 833 622 1008 692; x_wconf 84' lang='lat' dir='ltr'><strong>CETERA.</strong></span> 
     </span>
    </p>
   </div>
   <div class='ocr_carea' id='block_1_3' title="bbox 755 865 968 876">
    <p class='ocr_par' dir='ltr' id='par_1_3' title="bbox 755 865 968 876">
     <span class='ocr_line' id='line_1_5' title="bbox 755 865 968 876; baseline -0.005 -1"><span class='ocrx_word' id='word_1_22' title='bbox 755 865 968 876; x_wconf 76' lang='lat'><strong>..—</strong></span> 
     </span>
    </p>
   </div>
   <div class='ocr_carea' id='block_1_4' title="bbox 279 1067 1458 1386">
    <p class='ocr_par' dir='ltr' id='par_1_4' title="bbox 279 1067 1458 1386">
     <span class='ocr_line' id='line_1_6' title="bbox 279 1067 1458 1161; baseline -0.007 -19"><span class='ocrx_word' id='word_1_23' title='bbox 279 1073 312 1142; x_wconf 93' lang='grc'><strong>1.</strong></span> <span class='ocrx_word' id='word_1_24' title='bbox 344 1072 517 1161; x_wconf 57' lang='lat' dir='ltr'><strong>Gregorius</strong></span> <span class='ocrx_word' id='word_1_25' title='bbox 529 1071 592 1137; x_wconf 89' lang='lat' dir='ltr'><strong>III</strong></span> <span class='ocrx_word' id='word_1_26' title='bbox 604 1095 697 1159; x_wconf 85' lang='lat' dir='ltr'><strong>papo</strong></span> <span class='ocrx_word' id='word_1_27' title='bbox 713 1069 822 1137; x_wconf 80' lang='lat' dir='ltr'><strong>Caroli</strong></span> <span class='ocrx_word' id='word_1_28' title='bbox 835 1069 980 1136; x_wconf 81' lang='lat' dir='ltr'><strong>Marcelli</strong></span> <span class='ocrx_word' id='word_1_29' title='bbox 995 1070 1151 1136; x_wconf 64' lang='lat' dir='ltr'><strong>oamllam</strong></span> <span class='ocrx_word' id='word_1_30' title='bbox 1167 1071 1281 1135; x_wconf 76' lang='lat' dir='ltr'><strong>elerum</strong></span> <span class='ocrx_word' id='word_1_31' title='bbox 1297 1067 1458 1156; x_wconf 75' lang='lat' dir='ltr'><em>implorat</em></span> 
     </span>
     <span class='ocr_line' id='line_1_7' title="bbox 341 1187 1457 1275; baseline -0.004 -21"><span class='ocrx_word' id='word_1_32' title='bbox 341 1202 452 1255; x_wconf 79' lang='lat' dir='ltr'><strong>contro</strong></span> <span class='ocrx_word' id='word_1_33' title='bbox 473 1187 714 1275; x_wconf 73' lang='lat' dir='ltr'><strong>Langobardos.</strong></span> <span class='ocrx_word' id='word_1_34' title='bbox 754 1188 909 1254; x_wconf 74' lang='lat' dir='ltr'><strong>Deriderl</strong></span> <span class='ocrx_word' id='word_1_35' title='bbox 931 1210 964 1253; x_wconf 84' lang='lat' dir='ltr'><strong>se</strong></span> <span class='ocrx_word' id='word_1_36' title='bbox 985 1187 1112 1272; x_wconf 81' lang='lat' dir='ltr'><strong>eorlblt,</strong></span> <span class='ocrx_word' id='word_1_37' title='bbox 1141 1187 1227 1274; x_wconf 82' lang='lat' dir='ltr'><strong>quod</strong></span> <span class='ocrx_word' id='word_1_38' title='bbox 1248 1208 1335 1274; x_wconf 85' lang='lat' dir='ltr'><strong>spem</strong></span> <span class='ocrx_word' id='word_1_39' title='bbox 1357 1208 1457 1250; x_wconf 74' lang='lat' dir='ltr'><strong>mam</strong></span> 
     </span>
     <span class='ocr_line' id='line_1_8' title="bbox 340 1299 1455 1386; baseline -0.005 -14"><span class='ocrx_word' id='word_1_40' title='bbox 340 1309 377 1372; x_wconf 81' lang='lat' dir='ltr'><strong>la</strong></span> <span class='ocrx_word' id='word_1_41' title='bbox 399 1328 434 1371; x_wconf 85' lang='lat' dir='ltr'><strong>eo</strong></span> <span class='ocrx_word' id='word_1_42' title='bbox 458 1307 675 1371; x_wconf 62' lang='lat' dir='ltr'><strong>consororem</strong></span> <span class='ocrx_word' id='word_1_43' title='bbox 1160 1300 1248 1386; x_wconf 83' lang='lat' dir='ltr'><strong>(cod.</strong></span> <span class='ocrx_word' id='word_1_44' title='bbox 1266 1303 1297 1386; x_wconf 80' lang='lat'><strong>2,</strong></span> <span class='ocrx_word' id='word_1_45' title='bbox 1321 1299 1396 1367; x_wconf 84' lang='lat' dir='ltr'><strong>Cen.</strong></span> <span class='ocrx_word' id='word_1_46' title='bbox 1417 1301 1455 1381; x_wconf 83' lang='lat'><strong>2)</strong></span> 
     </span>
    </p>
   </div>
   <div class='ocr_carea' id='block_1_5' title="bbox 204 1433 1456 3965">
    <p class='ocr_par' dir='ltr' id='par_1_5' title="bbox 204 1433 1456 1644">
     <span class='ocr_line' id='line_1_9' title="bbox 204 1433 1456 1523; baseline -0.002 -21"><span class='ocrx_word' id='word_1_47' title='bbox 204 1447 257 1502; x_wconf 79' lang='grc'><strong>739</strong></span> <span class='ocrx_word' id='word_1_48' title='bbox 363 1437 500 1505; x_wconf 90' lang='lat' dir='ltr'><strong>Domino</strong></span> <span class='ocrx_word' id='word_1_49' title='bbox 535 1437 798 1506; x_wconf 86' lang='lat' dir='ltr'><strong>excellentissimo</strong></span> <span class='ocrx_word' id='word_1_50' title='bbox 832 1435 897 1504; x_wconf 87' lang='lat' dir='ltr'><strong>filio</strong></span> <span class='ocrx_word' id='word_1_51' title='bbox 932 1435 1045 1504; x_wconf 84' lang='lat' dir='ltr'><strong>Carolo</strong></span> <span class='ocrx_word' id='word_1_52' title='bbox 1079 1434 1246 1520; x_wconf 83' lang='lat' dir='ltr'>subregulo</span> <span class='ocrx_word' id='word_1_53' title='bbox 1276 1433 1456 1523; x_wconf 77' lang='lat' dir='ltr'><strong>Gregorius</strong></span> 
     </span>
     <span class='ocr_line' id='line_1_10' title="bbox 273 1575 367 1644; baseline -0.011 -22"><span class='ocrx_word' id='word_1_54' title='bbox 273 1575 367 1644; x_wconf 82' lang='lat' dir='ltr'><strong>papa</strong></span> 
     </span>
    </p>

    <p class='ocr_par' dir='ltr' id='par_1_6' title="bbox 272 1658 1455 3015">
     <span class='ocr_line' id='line_1_11' title="bbox 362 1658 1455 1760; baseline -0.004 -22"><span class='ocrx_word' id='word_1_55' title='bbox 362 1669 411 1738; x_wconf 93' lang='lat' dir='ltr'><strong>Ob</strong></span> <span class='ocrx_word' id='word_1_56' title='bbox 433 1670 566 1738; x_wconf 92' lang='lat' dir='ltr'><strong>nimium</strong></span> <span class='ocrx_word' id='word_1_57' title='bbox 590 1658 857 1737; x_wconf 78' lang='lat' dir='ltr'><strong>dolorem&#39;oordis</strong></span> <span class='ocrx_word' id='word_1_58' title='bbox 884 1674 917 1736; x_wconf 89' lang='lat' dir='ltr'><strong>et</strong></span> <span class='ocrx_word' id='word_1_59' title='bbox 937 1667 1085 1736; x_wconf 77' lang='lat' dir='ltr'><strong>lacrimas</strong></span> <span class='ocrx_word' id='word_1_60' title='bbox 1108 1668 1224 1736; x_wconf 86' lang='lat' dir='ltr'><strong>iterata</strong></span> <span class='ocrx_word' id='word_1_61' title='bbox 1246 1663 1350 1736; x_wconf 81' lang='lat' dir='ltr'><strong>vioae²</strong></span> <span class='ocrx_word' id='word_1_62' title='bbox 1373 1673 1455 1760; x_wconf 72' lang='lat' dir='ltr'><strong>luae</strong></span> 
     </span>
     <span class='ocr_line' id='line_1_12' title="bbox 273 1783 1454 1868; baseline -0.003 -13"><span class='ocrx_word' id='word_1_63' title='bbox 273 1785 481 1855; x_wconf 80' lang='lat' dir='ltr'><strong>excellenciae</strong></span> <span class='ocrx_word' id='word_1_64' title='bbox 509 1785 721 1856; x_wconf 82' lang='lat' dir='ltr'><strong>necessarium</strong></span> <span class='ocrx_word' id='word_1_65' title='bbox 751 1785 900 1852; x_wconf 84' lang='lat' dir='ltr'><strong>duximus</strong></span> <span class='ocrx_word' id='word_1_66' title='bbox 928 1785 1144 1867; x_wconf 82' lang='lat' dir='ltr'><strong>seribendum3</strong></span> <span class='ocrx_word' id='word_1_67' title='bbox 1178 1783 1386 1868; x_wconf 82' lang='lat' dir='ltr'><strong>confidentes,</strong></span> <span class='ocrx_word' id='word_1_68' title='bbox 1418 1791 1454 1851; x_wconf 89' lang='lat' dir='ltr'><strong>te</strong></span> 
     </span>
     <span class='ocr_line' id='line_1_13' title="bbox 274 1900 1454 1988; baseline -0.003 -19"><span class='ocrx_word' id='word_1_69' title='bbox 274 1924 343 1970; x_wconf 90' lang='lat' dir='ltr'><strong>esse</strong></span> <span class='ocrx_word' id='word_1_70' title='bbox 366 1907 539 1969; x_wconf 79' lang='lat' dir='ltr'><strong>amatorem</strong></span> <span class='ocrx_word' id='word_1_71' title='bbox 562 1902 661 1969; x_wconf 89' lang='lat' dir='ltr'><strong>filium</strong></span> <span class='ocrx_word' id='word_1_72' title='bbox 685 1901 771 1968; x_wconf 86' lang='lat' dir='ltr'><strong>beati</strong></span> <span class='ocrx_word' id='word_1_73' title='bbox 792 1901 880 1968; x_wconf 89' lang='lat' dir='ltr'><strong>Petri</strong></span> <span class='ocrx_word' id='word_1_74' title='bbox 907 1901 1061 1988; x_wconf 78' lang='lat' dir='ltr'><strong>principis</strong></span> <span class='ocrx_word' id='word_1_75' title='bbox 1090 1900 1303 1988; x_wconf 85' lang='lat' dir='ltr'><strong>apostolorum</strong></span> <span class='ocrx_word' id='word_1_76' title='bbox 1328 1905 1363 1966; x_wconf 80' lang='lat' dir='ltr'><strong>el</strong></span> <span class='ocrx_word' id='word_1_77' title='bbox 1390 1921 1454 1966; x_wconf 63' lang='lat' dir='ltr'><strong>no⁴</strong></span> 
     </span>
     <span class='ocr_line' id='line_1_14' title="bbox 273 2013 1453 2105; baseline -0.004 -19"><span class='ocrx_word' id='word_1_78' title='bbox 273 2024 390 2103; x_wconf 86' lang='lat' dir='ltr'><strong>strum,</strong></span> <span class='ocrx_word' id='word_1_79' title='bbox 420 2023 452 2086; x_wconf 83' lang='lat' dir='ltr'><strong>et</strong></span> <span class='ocrx_word' id='word_1_80' title='bbox 481 2019 564 2104; x_wconf 86' lang='lat' dir='ltr'><strong>quod</strong></span> <span class='ocrx_word' id='word_1_81' title='bbox 591 2038 650 2105; x_wconf 89' lang='lat' dir='ltr'><strong>pro</strong></span> <span class='ocrx_word' id='word_1_82' title='bbox 680 2018 747 2086; x_wconf 89' lang='lat' dir='ltr'><strong>eins</strong></span> <span class='ocrx_word' id='word_1_83' title='bbox 774 2018 956 2085; x_wconf 80' lang='lat' dir='ltr'>reverencia</span> <span class='ocrx_word' id='word_1_84' title='bbox 978 2017 1094 2084; x_wconf 88' lang='lat' dir='ltr'><strong>uostris</strong></span> <span class='ocrx_word' id='word_1_85' title='bbox 1117 2017 1265 2084; x_wconf 85' lang='lat' dir='ltr'><strong>oboedias</strong></span> <span class='ocrx_word' id='word_1_86' title='bbox 1287 2013 1453 2083; x_wconf 79' lang='lat' dir='ltr'><strong>mandetis</strong></span> 
     </span>
     <span class='ocr_line' id='line_1_15' title="bbox 274 2131 1452 2221; baseline -0.003 -19"><span class='ocrx_word' id='word_1_87' title='bbox 274 2134 314 2202; x_wconf 86' lang='lat' dir='ltr'><strong>ad</strong></span> <span class='ocrx_word' id='word_1_88' title='bbox 343 2133 572 2202; x_wconf 79' lang='lat' dir='ltr'><strong>defendendam</strong></span> <span class='ocrx_word' id='word_1_89' title='bbox 601 2134 747 2201; x_wconf 79' lang='lat' dir='ltr'><strong>eclesiam</strong></span> <span class='ocrx_word' id='word_1_90' title='bbox 774 2134 839 2201; x_wconf 86' lang='lat' dir='ltr'><strong>D&#39;ei·</strong></span> <span class='ocrx_word' id='word_1_91' title='bbox 864 2140 897 2201; x_wconf 85' lang='lat' dir='ltr'><strong>et</strong></span> <span class='ocrx_word' id='word_1_92' title='bbox 924 2134 1116 2221; x_wconf 80' lang='lat' dir='ltr'><strong>peculiarem</strong></span> <span class='ocrx_word' id='word_1_93' title='bbox 1146 2133 1308 2220; x_wconf 89' lang='lat' dir='ltr'><strong>populum.</strong></span> <span class='ocrx_word' id='word_1_94' title='bbox 1347 2131 1452 2211; x_wconf 70' lang='lat' dir='ltr'><strong>Quin*</strong></span> 
     </span>
     <span class='ocr_line' id='line_1_16' title="bbox 272 2249 1452 2338; baseline -0.003 -21"><span class='ocrx_word' id='word_1_95' title='bbox 272 2251 336 2317; x_wconf 86' lang='lat' dir='ltr'><strong>iam</strong></span> <span class='ocrx_word' id='word_1_96' title='bbox 359 2251 613 2338; x_wconf 82' lang='lat' dir='ltr'><strong>persecucionem</strong></span> <span class='ocrx_word' id='word_1_97' title='bbox 641 2255 673 2317; x_wconf 91' lang='lat' dir='ltr'><strong>et</strong></span> <span class='ocrx_word' id='word_1_98' title='bbox 695 2250 929 2337; x_wconf 65' lang='lat' dir='ltr'><strong>oppressionem</strong></span> <span class='ocrx_word' id='word_1_99' title='bbox 952 2251 1056 2335; x_wconf 86' lang='lat' dir='ltr'><strong>gentis</strong></span> <span class='ocrx_word' id='word_1_100' title='bbox 1078 2249 1355 2333; x_wconf 81' lang='lat' dir='ltr'><strong>Langobardorum</strong></span> <span class='ocrx_word' id='word_1_101' title='bbox 1381 2249 1452 2315; x_wconf 85' lang='lat' dir='ltr'><strong>suf-</strong></span> 
     </span>
     <span class='ocr_line' id='line_1_17' title="bbox 272 2362 1451 2454; baseline -0.003 -21"><span class='ocrx_word' id='word_1_102' title='bbox 272 2366 355 2434; x_wconf 87' lang='lat' dir='ltr'><strong>ierre</strong></span> <span class='ocrx_word' id='word_1_103' title='bbox 377 2387 442 2434; x_wconf 91' lang='lat' dir='ltr'><strong>non</strong></span> <span class='ocrx_word' id='word_1_104' title='bbox 464 2387 641 2454; x_wconf 86' lang='lat' dir='ltr'><strong>possumus.</strong></span> <span class='ocrx_word' id='word_1_105' title='bbox 677 2365 792 2432; x_wconf 86' lang='lat' dir='ltr'><strong>Omnia</strong></span> <span class='ocrx_word' id='word_1_106' title='bbox 807 2368 891 2434; x_wconf 92' lang='lat' dir='ltr'><strong>enim</strong></span> <span class='ocrx_word' id='word_1_107' title='bbox 907 2362 1094 2433; x_wconf 83' lang='lat' dir='ltr'><strong>luminaria⁸</strong></span> <span class='ocrx_word' id='word_1_108' title='bbox 1110 2366 1150 2432; x_wconf 88' lang='lat' dir='ltr'><strong>ad</strong></span> <span class='ocrx_word' id='word_1_109' title='bbox 1168 2365 1268 2452; x_wconf 90' lang='lat' dir='ltr'><strong>ipsius</strong></span> <span class='ocrx_word' id='word_1_110' title='bbox 1291 2365 1451 2452; x_wconf 89' lang='lat' dir='ltr'><strong>prinoipis</strong></span> 
     </span>
     <span class='ocr_line' id='line_1_18' title="bbox 274 2479 1451 2570; baseline -0.002 -20"><span class='ocrx_word' id='word_1_111' title='bbox 274 2481 503 2570; x_wconf 89' lang='lat' dir='ltr'><strong>apostolorum,</strong></span> <span class='ocrx_word' id='word_1_112' title='bbox 533 2489 565 2550; x_wconf 87' lang='lat' dir='ltr'><strong>et</strong></span> <span class='ocrx_word' id='word_1_113' title='bbox 594 2503 675 2569; x_wconf 86' lang='lat' dir='ltr'><strong>quas</strong></span> <span class='ocrx_word' id='word_1_114' title='bbox 702 2483 856 2549; x_wconf 84' lang='lat' dir='ltr'><strong>avostris</strong></span> <span class='ocrx_word' id='word_1_115' title='bbox 884 2483 1068 2570; x_wconf 86' lang='lat' dir='ltr'><strong>parentibus</strong></span> <span class='ocrx_word' id='word_1_116' title='bbox 1097 2481 1148 2549; x_wconf 82' lang='lat' dir='ltr'><strong>uel</strong></span> <span class='ocrx_word' id='word_1_117' title='bbox 1176 2481 1308 2548; x_wconf 82' lang='lat' dir='ltr'><strong>arobis</strong></span> <span class='ocrx_word' id='word_1_118' title='bbox 1335 2479 1451 2548; x_wconf 81' lang='lat' dir='ltr'><strong>offerta</strong></span> 
     </span>
     <span class='ocr_line' id='line_1_19' title="bbox 273 2593 1450 2687; baseline -0.003 -21"><span class='ocrx_word' id='word_1_119' title='bbox 273 2605 362 2685; x_wconf 89' lang='lat' dir='ltr'><strong>sunt,</strong></span> <span class='ocrx_word' id='word_1_120' title='bbox 392 2601 455 2687; x_wconf 90' lang='lat' dir='ltr'><strong>ipsi</strong></span> <span class='ocrx_word' id='word_1_121' title='bbox 483 2599 688 2666; x_wconf 84' lang='lat' dir='ltr'><strong>abstulerunt.</strong></span> <span class='ocrx_word' id='word_1_122' title='bbox 756 2599 799 2665; x_wconf 88' lang='lat' dir='ltr'><strong>Et</strong></span> <span class='ocrx_word' id='word_1_123' title='bbox 823 2593 970 2683; x_wconf 88' lang='lat' dir='ltr'><strong>quoniam</strong></span> <span class='ocrx_word' id='word_1_124' title='bbox 995 2599 1035 2664; x_wconf 89' lang='lat' dir='ltr'><strong>ad</strong></span> <span class='ocrx_word' id='word_1_125' title='bbox 1057 2604 1089 2665; x_wconf 90' lang='lat' dir='ltr'><strong>te</strong></span> <span class='ocrx_word' id='word_1_126' title='bbox 1117 2604 1190 2685; x_wconf 85' lang='lat' dir='ltr'><strong>post</strong></span> <span class='ocrx_word' id='word_1_127' title='bbox 1211 2597 1314 2664; x_wconf 87' lang='lat' dir='ltr'><strong>Deum</strong></span> <span class='ocrx_word' id='word_1_128' title='bbox 1336 2597 1450 2664; x_wconf 87' lang='lat' dir='ltr'><strong>nonfu-</strong></span> 
     </span>
     <span class='ocr_line' id='line_1_20' title="bbox 272 2713 1450 2802; baseline -0.002 -20"><span class='ocrx_word' id='word_1_129' title='bbox 272 2717 360 2800; x_wconf 89' lang='lat' dir='ltr'><strong>gium</strong></span> <span class='ocrx_word' id='word_1_130' title='bbox 381 2715 523 2800; x_wconf 76' lang='lat' dir='ltr'><strong>issimus,</strong></span> <span class='ocrx_word' id='word_1_131' title='bbox 546 2721 716 2802; x_wconf 88' lang='lat' dir='ltr'><strong>propterea</strong></span> <span class='ocrx_word' id='word_1_132' title='bbox 737 2735 795 2781; x_wconf 91' lang='lat' dir='ltr'><strong>nos</strong></span> <span class='ocrx_word' id='word_1_133' title='bbox 817 2713 881 2802; x_wconf 91' lang='lat' dir='ltr'><strong>ipsi</strong></span> <span class='ocrx_word' id='word_1_134' title='bbox 898 2713 1099 2799; x_wconf 82' lang='lat' dir='ltr'><strong>Langobardi</strong></span> <span class='ocrx_word' id='word_1_135' title='bbox 1121 2716 1155 2781; x_wconf 89' lang='lat' dir='ltr'><strong>in</strong></span> <span class='ocrx_word' id='word_1_136' title='bbox 1171 2713 1374 2801; x_wconf 90' lang='lat' dir='ltr'><strong>obprobrium</strong></span> <span class='ocrx_word' id='word_1_137' title='bbox 1390 2713 1450 2780; x_wconf 87' lang='lat' dir='ltr'><strong>ha-</strong></span> 
     </span>
     <span class='ocr_line' id='line_1_21' title="bbox 272 2827 1450 2919; baseline -0.002 -21"><span class='ocrx_word' id='word_1_138' title='bbox 272 2831 349 2898; x_wconf 79' lang='lat' dir='ltr'><strong>bent</strong></span> <span class='ocrx_word' id='word_1_139' title='bbox 376 2838 407 2898; x_wconf 90' lang='lat' dir='ltr'><strong>et</strong></span> <span class='ocrx_word' id='word_1_140' title='bbox 435 2832 628 2919; x_wconf 90' lang='lat' dir='ltr'><strong>opprimunt.</strong></span> <span class='ocrx_word' id='word_1_141' title='bbox 667 2831 758 2899; x_wconf 90' lang='lat' dir='ltr'><strong>Unde</strong></span> <span class='ocrx_word' id='word_1_142' title='bbox 786 2838 818 2899; x_wconf 90' lang='lat' dir='ltr'><strong>et</strong></span> <span class='ocrx_word' id='word_1_143' title='bbox 846 2831 962 2898; x_wconf 82' lang='lat' dir='ltr'><strong>eclesia</strong></span> <span class='ocrx_word' id='word_1_144' title='bbox 983 2831 1085 2906; x_wconf 84' lang='lat' dir='ltr'><strong>saneti</strong></span> <span class='ocrx_word' id='word_1_145' title='bbox 1106 2827 1193 2897; x_wconf 80' lang='lat' dir='ltr'><strong>Petri</strong></span> <span class='ocrx_word' id='word_1_146' title='bbox 1215 2830 1375 2897; x_wconf 87' lang='lat' dir='ltr'><strong>denudata</strong></span> <span class='ocrx_word' id='word_1_147' title='bbox 1398 2833 1450 2897; x_wconf 79' lang='lat' dir='ltr'><strong>est</strong></span> 
     </span>
     <span class='ocr_line' id='line_1_22' title="bbox 274 2937 1199 3015; baseline -0.001 -1"><span class='ocrx_word' id='word_1_148' title='bbox 274 2952 306 3014; x_wconf 89' lang='lat' dir='ltr'><strong>et</strong></span> <span class='ocrx_word' id='word_1_149' title='bbox 327 2949 360 3014; x_wconf 91' lang='lat' dir='ltr'><strong>in</strong></span> <span class='ocrx_word' id='word_1_150' title='bbox 383 2948 515 3014; x_wconf 87' lang='lat' dir='ltr'><strong>nimiam</strong></span> <span class='ocrx_word' id='word_1_151' title='bbox 537 2947 784 3015; x_wconf 86' lang='lat' dir='ltr'><strong>dessolaeionem</strong></span> <span class='ocrx_word' id='word_1_152' title='bbox 806 2947 944 3015; x_wconf 81' lang='lat' dir='ltr'><strong>redacta</strong></span> <span class='ocrx_word' id='word_1_153' title='bbox 1192 2937 1199 2954; x_wconf 69' lang='lat'>⁸</span> 
     </span>
    </p>

    <p class='ocr_par' dir='ltr' id='par_1_7' title="bbox 273 3061 1448 3381">
     <span class='ocr_line' id='line_1_23' title="bbox 363 3061 1448 3150; baseline -0.001 -21"><span class='ocrx_word' id='word_1_154' title='bbox 363 3063 482 3129; x_wconf 86' lang='lat' dir='ltr'><strong>Tamen</strong></span> <span class='ocrx_word' id='word_1_155' title='bbox 509 3083 618 3129; x_wconf 90' lang='lat' dir='ltr'><strong>omues</strong></span> <span class='ocrx_word' id='word_1_156' title='bbox 648 3070 771 3130; x_wconf 85' lang='lat' dir='ltr'><strong>nostros</strong></span> <span class='ocrx_word' id='word_1_157' title='bbox 799 3063 923 3130; x_wconf 90' lang='lat' dir='ltr'><strong>dolores</strong></span> <span class='ocrx_word' id='word_1_158' title='bbox 953 3063 1101 3130; x_wconf 88' lang='lat' dir='ltr'><strong>subtilius</strong></span> <span class='ocrx_word' id='word_1_159' title='bbox 1132 3064 1166 3129; x_wconf 94' lang='lat' dir='ltr'><strong>in</strong></span> <span class='ocrx_word' id='word_1_160' title='bbox 1194 3083 1247 3130; x_wconf 88' lang='lat' dir='ltr'><strong>ore</strong></span> <span class='ocrx_word' id='word_1_161' title='bbox 1281 3061 1448 3150; x_wconf 86' lang='lat' dir='ltr'><strong>posuimus</strong></span> 
     </span>
     <span class='ocr_line' id='line_1_24' title="bbox 273 3177 1448 3268; baseline -0.002 -21"><span class='ocrx_word' id='word_1_162' title='bbox 273 3179 433 3268; x_wconf 85' lang='lat' dir='ltr'><strong>praesenti</strong></span> <span class='ocrx_word' id='word_1_163' title='bbox 455 3179 612 3264; x_wconf 81' lang='lat' dir='ltr'><strong>portitori,</strong></span> <span class='ocrx_word' id='word_1_164' title='bbox 639 3184 693 3245; x_wconf 90' lang='lat' dir='ltr'><strong>tuo</strong></span> <span class='ocrx_word' id='word_1_165' title='bbox 715 3177 811 3264; x_wconf 87' lang='lat' dir='ltr'><strong>fideli,</strong></span> <span class='ocrx_word' id='word_1_166' title='bbox 834 3199 895 3265; x_wconf 90' lang='lat' dir='ltr'><strong>quo</strong></span> <span class='ocrx_word' id='word_1_167' title='bbox 916 3179 950 3246; x_wconf 92' lang='lat' dir='ltr'><strong>iu</strong></span> <span class='ocrx_word' id='word_1_168' title='bbox 974 3179 1102 3246; x_wconf 88' lang='lat' dir='ltr'><strong>auribus</strong></span> <span class='ocrx_word' id='word_1_169' title='bbox 1125 3186 1199 3246; x_wconf 85' lang='lat' dir='ltr'><strong>tuae</strong></span> <span class='ocrx_word' id='word_1_170' title='bbox 1221 3177 1448 3246; x_wconf 81' lang='lat' dir='ltr'><strong>exeelleuoiee·</strong></span> 
     </span>
     <span class='ocr_line' id='line_1_25' title="bbox 273 3281 1301 3381; baseline -0.004 -18"><span class='ocrx_word' id='word_1_171' title='bbox 273 3315 440 3381; x_wconf 81' lang='lat' dir='ltr'><strong>suggerere</strong></span> <span class='ocrx_word' id='word_1_172' title='bbox 463 3293 584 3362; x_wconf 83' lang='lat' dir='ltr'><strong>debeat</strong></span> <span class='ocrx_word' id='word_1_173' title='bbox 1298 3281 1301 3286; x_wconf 64' lang='grc'>’</span> 
     </span>
    </p>

    <p class='ocr_par' dir='ltr' id='par_1_8' title="bbox 272 3409 1448 3965">
     <span class='ocr_line' id='line_1_26' title="bbox 362 3409 1448 3499; baseline 0 -22"><span class='ocrx_word' id='word_1_174' title='bbox 362 3412 410 3478; x_wconf 86' lang='lat' dir='ltr'><strong>Tu</strong></span> <span class='ocrx_word' id='word_1_175' title='bbox 432 3417 537 3478; x_wconf 86' lang='lat' dir='ltr'><strong>autem</strong></span> <span class='ocrx_word' id='word_1_176' title='bbox 552 3409 597 3477; x_wconf 88' lang='lat' dir='ltr'><strong>fili</strong></span> <span class='ocrx_word' id='word_1_177' title='bbox 616 3409 732 3477; x_wconf 87' lang='lat' dir='ltr'><strong>habeas</strong></span> <span class='ocrx_word' id='word_1_178' title='bbox 754 3429 826 3477; x_wconf 88' lang='lat' dir='ltr'><strong>eum</strong></span> <span class='ocrx_word' id='word_1_179' title='bbox 849 3411 912 3498; x_wconf 87' lang='lat' dir='ltr'><strong>ipsi</strong></span> <span class='ocrx_word' id='word_1_180' title='bbox 934 3411 1078 3499; x_wconf 77' lang='lat' dir='ltr'><strong>principe</strong></span> <span class='ocrx_word' id='word_1_181' title='bbox 1102 3409 1316 3498; x_wconf 87' lang='lat' dir='ltr'><strong>apostolomm</strong></span> <span class='ocrx_word' id='word_1_182' title='bbox 1338 3410 1390 3477; x_wconf 86' lang='lat' dir='ltr'><strong>hio</strong></span> <span class='ocrx_word' id='word_1_183' title='bbox 1414 3413 1448 3478; x_wconf 84' lang='lat' dir='ltr'><strong>et</strong></span> 
     </span>
     <span class='ocr_line' id='line_1_27' title="bbox 272 3527 1447 3615; baseline -0.001 -21"><span class='ocrx_word' id='word_1_184' title='bbox 272 3528 306 3594; x_wconf 93' lang='lat' dir='ltr'><strong>in</strong></span> <span class='ocrx_word' id='word_1_185' title='bbox 333 3528 441 3593; x_wconf 85' lang='lat' dir='ltr'><strong>futura</strong></span> <span class='ocrx_word' id='word_1_186' title='bbox 467 3527 534 3593; x_wconf 81' lang='lat' dir='ltr'><strong>vita</strong></span> <span class='ocrx_word' id='word_1_187' title='bbox 561 3547 666 3593; x_wconf 85' lang='lat' dir='ltr'><strong>eoram</strong></span> <span class='ocrx_word' id='word_1_188' title='bbox 695 3527 904 3614; x_wconf 83' lang='lat' dir='ltr'><strong>omnipotenti</strong></span> <span class='ocrx_word' id='word_1_189' title='bbox 931 3527 1000 3594; x_wconf 86' lang='lat' dir='ltr'><strong>Deo</strong></span> <span class='ocrx_word' id='word_1_190' title='bbox 1027 3533 1151 3612; x_wconf 83' lang='lat' dir='ltr'><strong>nostro,</strong></span> <span class='ocrx_word' id='word_1_191' title='bbox 1181 3529 1264 3594; x_wconf 86' lang='lat' dir='ltr'><strong>sieut</strong></span> <span class='ocrx_word' id='word_1_192' title='bbox 1289 3547 1347 3615; x_wconf 87' lang='lat' dir='ltr'><strong>pro</strong></span> <span class='ocrx_word' id='word_1_193' title='bbox 1376 3529 1447 3594; x_wconf 86' lang='lat' dir='ltr'><strong>eius</strong></span> 
     </span>
     <span class='ocr_line' id='line_1_28' title="bbox 273 3641 1446 3731; baseline 0 -22"><span class='ocrx_word' id='word_1_194' title='bbox 273 3641 388 3709; x_wconf 76' lang='lat' dir='ltr'><strong>eclesia</strong></span> <span class='ocrx_word' id='word_1_195' title='bbox 410 3646 442 3710; x_wconf 89' lang='lat' dir='ltr'><strong>et</strong></span> <span class='ocrx_word' id='word_1_196' title='bbox 462 3647 572 3708; x_wconf 90' lang='lat' dir='ltr'><strong>nostra</strong></span> <span class='ocrx_word' id='word_1_197' title='bbox 593 3643 774 3711; x_wconf 84' lang='lat' dir='ltr'><strong>defensione</strong></span> <span class='ocrx_word' id='word_1_198' title='bbox 789 3643 982 3731; x_wconf 89' lang='lat' dir='ltr'><strong>disposueris</strong></span> <span class='ocrx_word' id='word_1_199' title='bbox 998 3649 1031 3710; x_wconf 91' lang='lat' dir='ltr'><strong>et</strong></span> <span class='ocrx_word' id='word_1_200' title='bbox 1044 3643 1253 3710; x_wconf 81' lang='lat' dir='ltr'><strong>decertaveris</strong></span> <span class='ocrx_word' id='word_1_201' title='bbox 1276 3643 1336 3711; x_wconf 88' lang='lat' dir='ltr'><strong>sub</strong></span> <span class='ocrx_word' id='word_1_202' title='bbox 1356 3643 1446 3709; x_wconf 89' lang='lat' dir='ltr'><strong>omni</strong></span> 
     </span>
     <span class='ocr_line' id='line_1_29' title="bbox 274 3757 1445 3846; baseline 0 -21"><span class='ocrx_word' id='word_1_203' title='bbox 274 3757 455 3840; x_wconf 82' lang='lat' dir='ltr'><strong>velocitate3</strong></span> <span class='ocrx_word' id='word_1_204' title='bbox 478 3763 516 3824; x_wconf 84' lang='lat' dir='ltr'><strong>ut</strong></span> <span class='ocrx_word' id='word_1_205' title='bbox 529 3768 719 3842; x_wconf 78' lang='lat' dir='ltr'><strong>cognoscent</strong></span> <span class='ocrx_word' id='word_1_206' title='bbox 732 3781 843 3829; x_wconf 91' lang='lat' dir='ltr'><strong>omnes</strong></span> <span class='ocrx_word' id='word_1_207' title='bbox 859 3765 968 3846; x_wconf 86' lang='lat' dir='ltr'><strong>gentes</strong></span> <span class='ocrx_word' id='word_1_208' title='bbox 990 3765 1078 3826; x_wconf 84' lang='lat' dir='ltr'><strong>tuam</strong></span> <span class='ocrx_word' id='word_1_209' title='bbox 1101 3757 1194 3826; x_wconf 90' lang='lat' dir='ltr'><strong>fidem</strong></span> <span class='ocrx_word' id='word_1_210' title='bbox 1218 3765 1251 3826; x_wconf 91' lang='lat' dir='ltr'><strong>et</strong></span> <span class='ocrx_word' id='word_1_211' title='bbox 1272 3761 1445 3846; x_wconf 87' lang='lat' dir='ltr'><strong>puritatem</strong></span> 
     </span>
     <span class='ocr_line' id='line_1_30' title="bbox 274 3865 1445 3965; baseline -0.001 -25"><span class='ocrx_word' id='word_1_212' title='bbox 274 3879 368 3960; x_wconf 86' lang='lat' dir='ltr'><strong>atque</strong></span> <span class='ocrx_word' id='word_1_213' title='bbox 390 3865 540 3959; x_wconf 84' lang='lat' dir='ltr'><strong>umorem,</strong></span> <span class='ocrx_word' id='word_1_214' title='bbox 565 3893 644 3959; x_wconf 86' lang='lat' dir='ltr'><strong>qnae</strong></span> <span class='ocrx_word' id='word_1_215' title='bbox 662 3877 758 3944; x_wconf 86' lang='lat' dir='ltr'><strong>habes</strong></span> <span class='ocrx_word' id='word_1_216' title='bbox 782 3898 858 3962; x_wconf 86' lang='lat' dir='ltr'><strong>ergo</strong></span> <span class='ocrx_word' id='word_1_217' title='bbox 880 3877 1053 3965; x_wconf 86' lang='lat' dir='ltr'><strong>prinoipem</strong></span> <span class='ocrx_word' id='word_1_218' title='bbox 1079 3875 1293 3962; x_wconf 83' lang='lat' dir='ltr'><strong>apostolorum</strong></span> <span class='ocrx_word' id='word_1_219' title='bbox 1315 3875 1445 3942; x_wconf 88' lang='lat' dir='ltr'><strong>beatum</strong></span> 
     </span>
    </p>
   </div>
   <div class='ocr_carea' id='block_1_6' title="bbox 273 4007 1444 4425">
    <p class='ocr_par' dir='ltr' id='par_1_9' title="bbox 273 4007 1444 4228">
     <span class='ocr_line' id='line_1_31' title="bbox 345 4007 1444 4069; baseline 0 -14"><span class='ocrx_word' id='word_1_220' title='bbox 345 4021 366 4055; x_wconf 74' lang='grc' dir='ltr'><strong>ι.</strong></span> <span class='ocrx_word' id='word_1_221' title='bbox 391 4007 466 4055; x_wconf 71' lang='lat' dir='ltr'>SUAE</span> <span class='ocrx_word' id='word_1_222' title='bbox 483 4027 502 4056; x_wconf 79' lang='lat' dir='ltr'><strong>t.</strong></span> <span class='ocrx_word' id='word_1_223' title='bbox 568 4007 591 4055; x_wconf 83' lang='lat' dir='ltr'><strong>b.</strong></span> <span class='ocrx_word' id='word_1_224' title='bbox 615 4007 768 4056; x_wconf 76' lang='lat' dir='ltr'>SGRPPTUM</span> <span class='ocrx_word' id='word_1_225' title='bbox 784 4029 804 4056; x_wconf 81' lang='lat' dir='ltr'><strong>e.</strong></span> <span class='ocrx_word' id='word_1_226' title='bbox 868 4023 888 4057; x_wconf 77' lang='lat' dir='ltr'><strong>e.</strong></span> <span class='ocrx_word' id='word_1_227' title='bbox 912 4029 941 4056; x_wconf 72' lang='lat' dir='ltr'><strong>ex</strong></span> <span class='ocrx_word' id='word_1_228' title='bbox 957 4011 1159 4069; x_wconf 57' lang='lat' dir='ltr'><strong>comm-21⁹.</strong></span> <span class='ocrx_word' id='word_1_229' title='bbox 1172 4013 1277 4058; x_wconf 76' lang='lat' dir='ltr'><strong>lem:</strong></span> <span class='ocrx_word' id='word_1_230' title='bbox 1294 4007 1364 4056; x_wconf 75' lang='lat' dir='ltr'><strong>ilem</strong></span> <span class='ocrx_word' id='word_1_231' title='bbox 1380 4009 1444 4069; x_wconf 80' lang='lat' dir='ltr'><strong>epl-</strong></span> 
     </span>
     <span class='ocr_line' id='line_1_32' title="bbox 273 4087 1444 4152; baseline 0.001 -18"><span class='ocrx_word' id='word_1_232' title='bbox 273 4088 352 4136; x_wconf 76' lang='lat' dir='ltr'><strong>etole</strong></span> <span class='ocrx_word' id='word_1_233' title='bbox 375 4089 508 4148; x_wconf 77' lang='lat' dir='ltr'><strong>Gregorii</strong></span> <span class='ocrx_word' id='word_1_234' title='bbox 534 4087 663 4134; x_wconf 81' lang='lat' dir='ltr'><strong>secunde</strong></span> <span class='ocrx_word' id='word_1_235' title='bbox 689 4088 723 4135; x_wconf 82' lang='lat' dir='ltr'><strong>ad</strong></span> <span class='ocrx_word' id='word_1_236' title='bbox 747 4087 879 4138; x_wconf 74' lang='lat' dir='ltr'><strong>carolum</strong></span> <span class='ocrx_word' id='word_1_237' title='bbox 906 4090 995 4138; x_wconf 78' lang='lat' dir='ltr'><strong>miser</strong></span> <span class='ocrx_word' id='word_1_238' title='bbox 1021 4089 1163 4138; x_wconf 77' lang='lat' dir='ltr'><strong>simililer</strong></span> <span class='ocrx_word' id='word_1_239' title='bbox 1188 4101 1240 4152; x_wconf 84' lang='lat' dir='ltr'><strong>pro</strong></span> <span class='ocrx_word' id='word_1_240' title='bbox 1266 4089 1444 4138; x_wconf 79' lang='lat' dir='ltr'><strong>detonsione</strong></span> 
     </span>
     <span class='ocr_line' id='line_1_33' title="bbox 273 4167 1114 4228; baseline 0.004 -15"><span class='ocrx_word' id='word_1_241' title='bbox 273 4170 392 4214; x_wconf 78' lang='lat' dir='ltr'><strong>sanetae</strong></span> <span class='ocrx_word' id='word_1_242' title='bbox 412 4167 464 4214; x_wconf 88' lang='lat' dir='ltr'><strong>Dei</strong></span> <span class='ocrx_word' id='word_1_243' title='bbox 484 4167 637 4214; x_wconf 76' lang='lat' dir='ltr'><strong>ecelesiae.</strong></span> <span class='ocrx_word' id='word_1_244' title='bbox 714 4167 738 4214; x_wconf 90' lang='lat' dir='ltr'><strong>d.</strong></span> <span class='ocrx_word' id='word_1_245' title='bbox 762 4181 815 4228; x_wconf 77' lang='lat' dir='ltr'><strong>qe.</strong></span> <span class='ocrx_word' id='word_1_246' title='bbox 892 4184 913 4215; x_wconf 87' lang='lat' dir='ltr'><strong>e.</strong></span> <span class='ocrx_word' id='word_1_247' title='bbox 938 4169 1078 4216; x_wconf 76' lang='lat' dir='ltr'><strong>excellerem</strong></span> <span class='ocrx_word' id='word_1_248' title='bbox 1094 4187 1114 4215; x_wconf 79' lang='lat' dir='ltr'><strong>r.</strong></span> 
     </span>
    </p>

    <p class='ocr_par' dir='ltr' id='par_1_10' title="bbox 273 4261 1443 4425">
     <span class='ocr_line' id='line_1_34' title="bbox 298 4261 1443 4335; baseline 0.003 -19"><span class='ocrx_word' id='word_1_249' title='bbox 298 4288 303 4298; x_wconf 91' lang='lat'>·</span> <span class='ocrx_word' id='word_1_250' title='bbox 345 4264 370 4318; x_wconf 91' lang='lat'><strong>1.</strong></span> <span class='ocrx_word' id='word_1_251' title='bbox 388 4261 529 4332; x_wconf 83' lang='lat' dir='ltr'><strong>Eeeli.39,</strong></span> <span class='ocrx_word' id='word_1_252' title='bbox 549 4263 574 4317; x_wconf 90' lang='lat'><strong>1.</strong></span> <span class='ocrx_word' id='word_1_253' title='bbox 663 4261 864 4335; x_wconf 74' lang='lat' dir='ltr'><strong>aleonora,</strong></span> <span class='ocrx_word' id='word_1_254' title='bbox 886 4279 957 4334; x_wconf 85' lang='lat' dir='ltr'><strong>quae</strong></span> <span class='ocrx_word' id='word_1_255' title='bbox 975 4263 1069 4335; x_wconf 87' lang='lat' dir='ltr'><strong>periit,</strong></span> <span class='ocrx_word' id='word_1_256' title='bbox 1090 4263 1300 4320; x_wconf 80' lang='lat' dir='ltr'><strong>sollemnissime</strong></span> <span class='ocrx_word' id='word_1_257' title='bbox 1317 4263 1443 4335; x_wconf 86' lang='lat' dir='ltr'><strong>implora·</strong></span> 
     </span>
     <span class='ocr_line' id='line_1_35' title="bbox 273 4347 1313 4425; baseline 0.005 -20"><span class='ocrx_word' id='word_1_258' title='bbox 273 4347 347 4406; x_wconf 83' lang='lat' dir='ltr'><strong>tione</strong></span> <span class='ocrx_word' id='word_1_259' title='bbox 365 4350 525 4422; x_wconf 71' lang='lat' dir='ltr'><strong>allegante</strong></span> <span class='ocrx_word' id='word_1_260' title='bbox 541 4351 618 4421; x_wconf 80' lang='lat' dir='ltr'><strong>pont.</strong></span> <span class='ocrx_word' id='word_1_261' title='bbox 630 4349 709 4408; x_wconf 82' lang='lat' dir='ltr'><strong>Rom.</strong></span> <span class='ocrx_word' id='word_1_262' title='bbox 726 4367 754 4424; x_wconf 87' lang='lat' dir='ltr'><strong>p.</strong></span> <span class='ocrx_word' id='word_1_263' title='bbox 769 4353 821 4408; x_wconf 73' lang='lat'><strong>182</strong></span> <span class='ocrx_word' id='word_1_264' title='bbox 837 4369 865 4409; x_wconf 92' lang='lat' dir='ltr'><strong>n.</strong></span> <span class='ocrx_word' id='word_1_265' title='bbox 878 4353 957 4409; x_wconf 69' lang='lat'><strong>1732.</strong></span> <span class='ocrx_word' id='word_1_266' title='bbox 1046 4353 1079 4410; x_wconf 63' lang='lat'><strong>3:</strong></span> <span class='ocrx_word' id='word_1_267' title='bbox 1091 4353 1213 4425; x_wconf 85' lang='lat' dir='ltr'><strong>denaria,</strong></span> <span class='ocrx_word' id='word_1_268' title='bbox 1232 4353 1313 4410; x_wconf 81' lang='lat' dir='ltr'><strong>bone.</strong></span> 
     </span>
    </p>
   </div>
   <div class='ocr_carea' id='block_1_7' title="bbox 0 0 1536 4928">
    <p class='ocr_par' dir='ltr' id='par_1_11' title="bbox 0 0 1536 4928">
     <span class='ocr_line' id='line_1_36' title="bbox 0 0 1536 4928; baseline 0 2"><span class='ocrx_word' id='word_1_269' title='bbox 0 0 1536 4928; x_wconf 95' lang='lat' dir='ltr'><strong> </strong></span> 
     </span>
    </p>
   </div>
  </div>
 </body>
</html>
