3048 4934
674 259 793 310 oonnx
814 257 1009 308 oraoemue
1032 226 1052 262 '

468 512 527 578 De
554 532 745 577 annorum
771 508 993 576 754-757
1021 510 1213 575 memoria.

346 655 399 723 De
420 656 599 742 dipmeadie
622 651 846 742 eornplare'haa,
871 673 952 738 quae
973 653 1107 717 interae
1128 651 1302 730 rohonem,
1327 671 1432 714 anno·

256 795 328 838 rom
349 771 647 839 754-757ret1a
669 771 845 855 repetitione
867 769 973 854 dipnia
996 769 1188 839 dheeaeione
1210 767 1435 832 hietorieomm

256 901 402 971 aeratae,
430 889 574 974 quamvis
595 885 695 951 melta
718 897 903 972 erpamenta
924 887 959 950 ia
981 895 1132 971 prompta
1153 885 1226 963 aiat,
1255 905 1293 948 ea·
1316 882 1434 968 quitur

241 1027 347 1072 beree
369 1025 477 1070 rerem
499 1003 576 1068 orde
597 1001 696 1089 pleae
711 1003 856 1088 perapiea'
873 1011 985 1088 potest

345 1121 526 1207 Pippa'nom
547 1120 675 1205 quiden
697 1139 781 1182 anno
804 1117 871 1183 754
890 1119 1031 1203 primam
1053 1114 1168 1180 bellam
1182 1113 1324 1200 Aietulso
1339 1114 1434 1179 Lea-

256 1237 472 1332 poharriorum
497 1237 569 1321 aopi
593 1235 751 1334 intulisse,
784 1245 975 1320 conpertam
997 1231 1143 1296 habemur
1152 1225 1170 1295 ¹.
1209 1229 1278 1296 Nee
1300 1231 1435 1296 debiam

259 1375 324 1420 eaeo
344 1364 454 1441 poteri,
479 1353 557 1438 qaia
579 1353 652 1438 ipae
673 1375 742 1438 pue
757 1349 921 1416 intervallo
936 1350 1090 1414 moreium
1105 1346 1296 1435 Septembn‘a
1310 1385 1351 1396 -
1364 1347 1436 1412 De-

138 1532 141 1541 .
259 1467 389 1536 tenebris
413 1469 549 1534 eaedem
570 1467 738 1534 5551754
761 1467 929 1533 conciliata
951 1468 1002 1545 ait,
1031 1465 1287 1552 quondoquidem
1308 1463 1436 1546 detenta

259 1587 304 1651 od
325 1585 489 1672 „chapeam
512 1596 653 1650 omeeem
675 1583 910 1664 indictionem
935 1607 956 1647 a
978 1583 1030 1647 die
1053 1582 1071 1646 1
1090 1581 1177 1667 Sept.
1193 1580 1261 1646 754
1282 1581 1327 1644 ed
1347 1580 1436 1645 diem

258 1702 301 1768 31
318 1700 403 1788 App.
416 1701 483 1766 755
505 1701 726 1782 decurrentem,
746 1701 865 1786 foedere
888 1711 1052 1765 reuocetur
1065 1700 1101 1762 in
1114 1697 1186 1763 Vtra
1203 1695 1360 1783 Stephani
1375 1694 1441 1760 III

259 1815 348 1899 (Mb.
367 1815 488 1905 pontof.
504 1818 552 1882 ed.
565 1817 730 1903 Vipnoliaa
745 1817 789 1881 II
804 1840 838 1904 p.
857 1815 947 1898 119).
1015 1819 1020 1828 '

349 1933 391 1998 Id
412 1953 485 1998 vero
506 1935 644 1997 amma
667 1933 809 1998 dubitem?
829 1933 1002 2019 reperimus
1009 1979 1019 2011 ‚
1045 1943 1152 1996 otram
1174 1950 1258 1995 anno
1280 1923 1365 1995 755¹
1389 1953 1436 1994 aa

260 2071 345 2115 enno
366 2042 451 2115 756ι
474 2061 503 2115 et
525 2048 687 2135 Ahtolsaa
714 2049 833 2114 violato
857 2069 937 2135 paee
960 2048 1097 2112 Romam
1119 2067 1204 2134 „per
1225 2047 1322 2112 triam
1343 2067 1435 2110 mera-

259 2167 343 2231 eium
364 2163 492 2253 epatio“
517 2168 556 2242 (i.
573 2186 598 2230 e.
617 2188 638 2229 5
660 2165 712 2229 die
737 2165 754 2230 1
772 2162 923 2230 Ianuarii
943 2165 987 2228 ed
1009 2175 1168 2229 coeuntem
1188 2183 1323 2228 menen
1337 2161 1435 2226 Mer·

333 2333 357 2386 l.
377 2329 511 2400 Sigerdue
529 2329 600 2385 Abel
624 2329 697 2396 (Der
716 2329 876 2399 Untergnng
899 2329 948 2384 dee
971 2327 1262 2398 Langobardenreiehe
1285 2327 1313 2381 in
1337 2327 1437 2382 italien

260 2437 288 2492 p.
303 2421 354 2475 122
371 2421 452 2490 equ),
470 2419 665 2489 Fredegariani
683 2418 802 2475 chronici
821 2417 971 2474 eontinenti
990 2417 1081 2473 verbis
1099 2433 1143 2487 ep.
1157 2417 1284 2486 Bouqnet
1301 2415 1436 2472 Ree.V2

260 2525 314 2566 non
333 2513 408 2564 reete
425 2509 467 2564 aie
484 2507 708 2579 interpretandis,
733 2507 812 2578 quasi
830 2523 865 2562 ex
883 2508 943 2578 ipeo
961 2510 1099 2562 eonventu
1117 2505 1283 2562 Bernaeonei
1301 2505 1436 2576 Pippinue

260 2598 288 2654 in
306 2596 413 2654 ltaliam
430 2595 570 2668 proiectus
589 2597 638 2665 eit,
662 2595 898 2666 Langobardieum
917 2595 1019 2652 bellum
1040 2596 1129 2666 prius,
1153 2601 1298 2666 postquam
1318 2593 1435 2665 Stepha-

260 2703 313 2742 nue
325 2687 365 2742 111
381 2702 455 2757 popa
475 2687 505 2741 iu
523 2685 613 2741 Gallia
636 2685 688 2742 bie
711 2685 884 2756 hiemeverit,
908 2701 979 2741 enno
999 2685 1051 2741 755
1068 2690 1178 2755 gestum
1196 2699 1257 2740 ease
1275 2683 1435 2739 arbitratur.

261 2775 316 2832 Sed
335 2779 367 2831 ut
383 2775 607 2848 praetermittam,
627 2789 715 2845 neque
727 2775 755 2830 in
767 2773 836 2830 libro
850 2773 999 2846 pontificali
1011 2789 1100 2844 neque
1113 2771 1186 2844 apud
1199 2771 1355 2843 Fredegarii
1368 2787 1436 2828 eon·

260 2865 424 2922 tinnamrem
443 2863 506 2934 legi,
525 2861 694 2934 Stephanum
711 2865 773 2934 plur
791 2879 873 2934 quem
892 2865 976 2920 remei
989 2863 1125 2919 hiemasse
1138 2863 1167 2918 in
1179 2861 1276 2932 Gallia,
1294 2861 1438 2918 veterrimi

261 2955 382 3024 annulos,
399 2969 455 3010 non
467 2952 549 3010 modo
561 2952 701 3008 Mosellnni
720 2953 802 3018 (Mon.
813 2952 904 3008 Germ.
918 2951 1044 3010 SS.XV1
1054 2953 1119 3020 495)
1138 2957 1166 3007 et
1183 2951 1230 3022 qui
1247 2966 1310 3006 eum
1329 2949 1435 3006 eisdem

261 3043 399 3099 eoniuneti
411 3045 476 3099 sunt
487 3041 629 3096 Petaviani
642 3057 674 3096 oe
686 3041 936 3097 Laureehemeneea
954 3041 1036 3107 (Mon.
1047 3039 1095 3096 SS.
1108 3041 1122 3096 I
1134 3041 1188 3111 63),
1207 3039 1257 3095 sed
1270 3039 1353 3095 etiarn
1365 3037 1436 3095 San-

260 3132 398 3203 galleneee
416 3128 648 3197 1115585163)
666 3135 695 3184 et
711 3128 811 3184 bellum
829 3131 905 3199 prius
924 3128 960 3185 ad
978 3145 1002 3184 a.
1017 3131 1069 3185 754
1086 3127 1207 3185 referunt
1225 3135 1254 3184 et
1272 3129 1342 3184 inter
1359 3127 1435 3184 idem

260 3220 362 3276 bellum
381 3217 658 3289 etLengobardieum
677 3217 776 3274 behem
795 3219 932 3289 posteriue
950 3220 1035 3284 (enno
1049 3219 1101 3275 756
1119 3219 1350 3284 administratum)
1367 3215 1436 3273 defi·

261 3311 318 3366 nito
340 3314 428 3366 totum
452 3308 517 3364 anni
540 3307 657 3378 spatium
681 3307 765 3376 (755)
789 3309 974 3379 interponunt
1010 3307 1097 3364 Immo
1120 3322 1187 3364 vero
1210 3309 1292 3364 etiam
1310 3307 1436 3363 Annales

261 3397 469 3470 Guelferbytani
487 3396 629 3465 (175588.
642 3398 656 3453 Ι
668 3398 714 3464 29)
732 3396 847 3452 eandem
860 3413 917 3452 rem
930 3397 1070 3467 proeelere
1083 3395 1256 3468 eonfirmant3
1274 3398 1340 3453 lieet
1352 3399 1435 3470 enirn,

261 3487 398 3557 trequenti
416 3486 552 3542 annalium
572 3501 606 3542 ex
623 3485 759 3558 prioribus
771 3487 903 3556 exemplis
914 3487 1090 3555 repetiturum
1104 3485 1299 3556 depravatione
1317 3487 1435 3558 plurium

262 3590 394 3631 annorum
417 3575 555 3631 memoriis
576 3575 636 3646 peri
657 3575 739 3632 modo
757 3575 836 3631 eimul
854 3575 990 3644 treieetie,
1013 3574 1114 3630 beilum
1137 3576 1214 3646 prius
1236 3591 1380 3648 perperam
1398 3577 1436 3632 ad

262 3681 287 3719 a
301 3664 353 3719 753
376 3668 404 3720 et
426 3663 562 3734 posteriue
582 3663 683 3720 beilum
701 3664 766 3720 item
785 3662 854 3720 soleo
873 3663 908 3720 ad
927 3679 952 3720 n.
967 3664 1019 3720 755
1036 3668 1196 3720 revocatum
1214 3664 1263 3735 eit,
1285 3670 1379 3721 temen
1398 3665 1435 3722 ad

262 3768 339 3822 eum,
361 3753 409 3824 qui
426 3753 498 3808 inter
515 3753 570 3807 duo
589 3751 661 3810 bella
679 3754 844 3824 interieitur,
868 3769 968 3808 annum
987 3753 1041 3809 754
1058 3753 1189 3810 exhibent
1205 3753 1288 3810 haee:
1314 3756 1436 3826 „Franci

262 3841 366 3912 absque
385 3841 456 3896 bello
474 3841 663 3911 quieverunt“.
753 3843 777 3898 2.
798 3843 877 3898 Hune
895 3858 995 3897 annum
1014 3849 1126 3898 tuentur
1143 3843 1245 3913 Pagina
1263 3844 1322 3899 erit.
1340 3845 1368 3899 in
1387 3862 1456 3900 on.

262 3931 338 3987 nates
350 3931 461 3986 Baronii
473 3931 534 4000 755,
552 3929 716 3985 biuratoriuu
729 3930 829 3987 Annali
842 3931 949 3987 d'ltalia
962 3932 1022 4002 755,
1040 3932 1168 4003 Bouquet
1184 3933 1296 3988 Reeueit
1309 3931 1334 3988 V
1347 3931 1435 4004 prees.

261 4019 465 4091 p.xxxv111;
489 4023 518 4074 et
540 4017 636 4074 erdem
661 4021 799 4074 eontentio
821 4018 860 4076 fui
880 4020 908 4076 in
925 4021 1054 4091 Regeetie
1072 4019 1230 4090 pontifimm
1248 4021 1435 4078 Romanorum

261 4125 289 4180 p.
303 4109 364 4165 192.
453 4108 478 4164 3.
497 4107 571 4162 Anni
590 4108 641 4163 756
660 4113 821 4178 argumenta
839 4109 974 4178 queednm
992 4109 1083 4165 attulit
1100 4109 1188 4166 Manei
1205 4110 1233 4166 in
1251 4109 1362 4166 Beronii
1376 4111 1435 4167 An·

262 4197 363 4252 nalium
386 4197 493 4263 (Lucae
513 4196 598 4259 1743)
617 4197 649 4252 Τ.
663 4196 717 4252 XII
736 4197 802 4267 6333
825 4212 907 4265 quem
928 4197 1016 4253 secuti
1035 4203 1100 4254 eunt
1117 4198 1211 4270 Troya
1228 4198 1329 4255 Codice
1348 4198 1435 4270 diplo-

261 4285 362 4429 55ῐὶ55
380 4284 564 4429 Lpngobardo
582 4285 622 4342 1v
633 4287 684 4342 581
699 4299 759 4356 equ.
779 4291 808 4342 et
820 4285 890 4342 Abel
909 4287 966 4342 Der
977 4285 1138 4358 Untergnng
1155 4287 1205 4344 dee
1222 4287 1435 4360 Langobarden·

261 4373 317 4428 reio
336 4389 350 4428 e
367 4390 395 4445 p.
426 4375 470 4429 26.
