3048 4934
402 260 519 310 oonsx
541 259 746 310 oenonmus
780 257 868 312 nas
1179 248 1218 314 21

13 375 15 446 i
60 422 230 486 discessu
258 425 446 488 renudatis.
534 419 616 486 Nam
640 426 672 487 et
694 441 751 487 nos
776 419 815 488 ab
839 421 1012 508 apostolica
1035 426 1222 494 auctoritate
1274 440 1326 496 ‘tlt

13 535 15 600 l
60 535 282 621 subiungimus,
311 541 348 604 nt
377 537 542 624 episeopus
570 537 661 604 iuxta
690 537 876 621 dignitatem
907 559 998 606 suam
1027 540 1221 610 indumentis
1247 513 1325 561 ²¹²³·

13 623 15 654 ³
59 657 167 734 ntetnr3
197 653 297 720 simili
324 653 418 720 modo
448 659 479 720 et
506 653 676 740 presbiteri
698 653 883 720 cardinales.
923 654 1016 722 Etsi
1038 657 1222 724 monachica

58 768 212 836 murelle
237 769 376 836 habeant
398 770 539 853 vivendi,
569 769 654 857 plebi
678 770 804 855 quidem
829 768 890 836 sibi
912 771 1071 840 subiectae
1098 773 1221 860 precla-

56 885 121 950 riori
135 891 223 969 reste
238 885 343 952 induti
359 885 497 952 debitum
520 885 766 973 praedicationis
789 886 980 973 persolvant,
1004 893 1037 954 et
1050 888 1084 954 in
1099 894 1220 958 secreto

56 1003 244 1088 propositum
260 1003 309 1067 sui
326 1007 470 1068 servent·
486 1003 604 1083 cordis3
628 1009 674 1086 ut7
699 1003 752 1087 qui
767 1003 901 1070 videtin
917 1002 1110 1090 abscondito,
1132 1005 1219 1073 Deus

55 1117 154 1184 reddat
175 1117 243 1184 illis
266 1120 300 1184 in
322 1118 438 1206 palam.
475 1117 634 1204 Scriptum
651 1119 767 1206 quippe
784 1124 847 1187 est:
873 1119 962 1204 Quae
976 1124 1081 1188 dicitu
1097 1126 1133 1188 in
1149 1144 1218 1189 eor-

55 1237 135 1300 dibus
158 1239 288 1316 antris,
318 1249 346 1301 et
368 1239 402 1300 in
426 1237 579 1301 cubilibus
601 1238 711 1302 uestris
734 1239 976 1324 eonpnnpinuinu'
983 1231 1000 1302 ¹.
1039 1237 1111 1305 Non
1133 1238 1217 1306 onim

54 1371 102 1416 nos
122 1351 225 1418 honor
240 1351 440 1418 commendat
455 1353 600 1437 vestium,
625 1351 679 1419 sed
702 1351 852 1440 splendor
872 1353 1059 1420 animarum.
1150 1353 1218 1422 Μο-

54 1468 133 1534 nachi
149 1488 227 1535 vero
242 1467 337 1534 lanea
353 1467 537 1535 indumenta
559 1469 650 1534 iuxta
672 1489 816 1534 normam
840 1472 872 1536 et
893 1468 1035 1554 regulam
1057 1471 1218 1540 monachi-

53 1603 99 1650 cae
112 1583 300 1672 disciplinae
317 1590 410 1670 atque
425 1585 630 1651 traditionem
653 1591 831 1652 sanctorum
856 1584 1068 1671 probabilium
1090 1593 1228 1675 patrum,

53 1701 110 1768 sine
137 1701 376 1768 intermissione
403 1705 542 1768 utantur.
586 1701 621 1768 Si
652 1702 750 1787 enim,
786 1701 1042 1770 abrenuntiantes
1071 1722 1110 1769 ea
1138 1723 1218 1788 quae

53 1817 158 1884 saeonli
181 1823 267 1903 sunt,
290 1822 358 1884 tots
380 1837 413 1885 se
428 1817 496 1884 Deo
514 1818 688 1885 intentione
705 1818 914 1903 contulerunt,
939 1818 977 1887 de
1000 1819 1145 1886 omnibus
1168 1820 1217 1886 in·

52 1935 135 2002 licitis
164 1934 284 2001 debent
312 1933 485 2018 abstinere,
515 1940 566 2018 ut,
597 1941 749 2020 quantum
773 1935 898 2022 corpori
926 1955 982 2001 suo
1010 1936 1218 2004 sustinuerint

51 2051 192 2136 laborem,
218 2057 340 2118 tantum
363 2050 626 2118 remunerationis
649 2052 826 2137 praemium
842 2071 860 2116 a
874 2051 942 2118 Deo
965 2051 1128 2139 percipere
1151 2073 1217 2120 me-

51 2173 179 2235 reantur.
216 2165 380 2255 Apostolis
405 2167 520 2254 quippe
543 2167 684 2234 divinum
708 2167 816 2235 datum
840 2172 890 2234 est
910 2167 1114 2254 mandatum,
1138 2168 1216 2236 duas

51 2287 162 2351 tunicas
185 2304 251 2350 non
274 2280 439 2350 habendi¹.
478 2283 614 2350 Tunicas
638 2283 719 2351 dixit
740 2284 849 2369 utique
871 2283 995 2370 laneas,
1018 2304 1081 2351 non
1103 2275 1227 2352 lineas.¹

50 2399 100 2478 Qui
122 2421 199 2486 ergo
227 2399 402 2467 oboedierit
423 2399 579 2467 dominico
608 2399 808 2488 praeceptol,
837 2399 928 2466 bonis
957 2401 1079 2468 actibus
1107 2400 1216 2470 inhae-

50 2538 122 2602 rens,
145 2516 277 2584 hebebit
291 2517 389 2584 vitam
413 2523 583 2584 aetemem.
674 2515 753 2584 Item
764 2537 809 2596 ex
825 2536 944 2584 canone
958 2516 1127 2585 Antioceni
1141 2538 1215 2586 con-

49 2633 118 2717 eilii;
142 2633 283 2722 capitulo
307 2630 445 2701 decimo³
469 2634 507 2700 de
529 2633 590 2718 his,
614 2633 667 2719 qui
684 2637 835 2700 vocantur
858 2633 1085 2722 chorepiscopi,
1108 2634 1214 2702 decro-

49 2757 107 2816 tum
122 2756 186 2818 est:
213 2752 279 2834 Qui
292 2755 327 2817 in
342 2755 419 2817 uicis
434 2753 484 2818 uel
500 2751 751 2838 possessionibus
767 2751 985 2839 chorepiscopi
997 2753 1212 2834 nominantur,

49 2872 184 2954 peresus
205 2891 319 2934 neonus
334 2872 566 2956 impositionem
582 2870 799 2955 episcoporum
819 2870 1018 2954 perceperint
1040 2879 1068 2933 et
1089 2880 1125 2934 ut
1146 2871 1213 2956 epi-

49 2989 128 3073 scopi
149 2989 327 3052 consecrati
347 2989 426 3066 sint,
456 2997 559 3050 tumen
581 2997 707 3050 sanetae
729 2986 840 3050 sinodo
861 2985 998 3070 placuit,
1028 2996 1064 3050 ut
1085 2985 1214 3050 modurn

1335 515 1350 562 b

46 3107 208 3190 proprium
229 3115 462 3190 recoqueretur,
487 3113 515 3167 et
535 3101 708 3187 pubernent
729 3101 881 3166 subiectas
904 3101 967 3166 sibi
988 3100 1136 3166 aerledus
1159 3123 1212 3168 ca-

49 3241 170 3306 rumque
192 3221 406 3285 moderamine
428 3240 566 3304 curaque
581 3221 715 3282 contenti
729 3220 802 3284 sint.
840 3216 996 3284 Ordinent
1010 3220 1103 3282 dium
1119 3217 1212 3284 lecto·

49 3357 89 3398 res
116 3349 145 3402 et
171 3337 381 3402 subdiaconos
410 3348 504 3421 etque
531 3337 716 3415 currentes,
750 3333 863 3422 quibus
892 3335 1105 3421 promotiones
1134 3335 1212 3400 istae

48 3453 208 3534 sassie-ient.
251 3452 320 3518 Nee
342 3452 552 3540 presbiterum
581 3473 653 3516 uero
680 3473 736 3516 nec
761 3451 929 3516 diaconum
957 3451 1095 3515 audeant
1123 3451 1210 3516 ordi-

48 3591 117 3632 nere
134 3583 264 3657 praeter
287 3572 421 3634 ciuitatis
446 3571 636 3654 episcopum,
666 3569 718 3632 cui
739 3568 807 3653 ipse
830 3589 900 3632 cnm
916 3569 1115 3654 possessione
1137 3567 1211 3632 suh-

50 3685 135 3750 iectus
158 3699 210 3752 est.
252 3685 386 3772 Siquis
410 3697 512 3749 autem
534 3685 715 3770 transpredi
736 3695 852 3749 statute
874 3685 1084 3770 temptauerit,
1114 3684 1210 3771 depo·

48 3803 128 3881 situs,
145 3825 206 3889 quo
222 3803 376 3884 utebatur,
394 3801 510 3867 bonore
520 3803 676 3888 privetur.
709 3798 971 3886 Cleorupiscopum
985 3823 1058 3866 uero
1075 3803 1211 3868 ciuitatis

48 3919 203 4006 epscopus
226 3921 361 3998 ordinet,
385 3921 439 3983 cui
458 3918 512 3982 ille
533 3918 687 3983 subiectus
710 3929 762 3982 est.

131 4032 271 4102 Secundo
308 4031 446 4120 capitulo
481 4032 519 4098 de
554 4032 710 4118 episcopis
744 4029 927 4118 presbiteris
962 4035 995 4097 et
1027 4028 1210 4097 diaconibus

117 4224 137 4257 r.
159 4217 246 4260 senens
262 4214 357 4260 addidit
372 4214 395 4258 in
410 4214 512 4276 margine
528 4214 641 4274 aurigeris
657 4227 737 4257 manus
755 4212 862 4273 antiqua,
882 4225 950 4256 aare
966 4211 989 4256 in
1005 4217 1067 4254 textu
1082 4225 1136 4256 roes
1152 4209 1211 4255 alie.

49 4287 68 4332 b.
90 4289 223 4340 dominicum
239 4295 385 4354 praeceptum
402 4310 459 4338 corr.
475 4295 497 4338 r'n
515 4291 628 4338 dominico
644 4291 766 4350 praecepto
782 4308 804 4335 c.

119 4397 142 4450 l.
160 4396 201 4452 Ps.
213 4399 238 4470 l,
253 4399 279 4454 5.
368 4399 394 4453 2.
413 4396 565 4466 tlatth.10,
581 4396 623 4451 10.
713 4395 739 4449 3.
759 4409 803 4464 ap.
816 4393 980 4466 Dionysium
997 4392 1015 4447 l.
1030 4391 1048 4446 1.
1065 4408 1094 4462 p.
1108 4392 1151 4448 60.
