3048 4934
449 1143 872 1244 PROOEMIUM.

608 1367 713 1374 ...οι-.-

13 1487 14 1506 ³
87 1495 246 1628 principi
262 1527 522 1628 imperatorum
539 1525 650 1603 medii
669 1527 748 1604 aevi
768 1533 915 1628 quartus
933 1528 993 1605 hic
1006 1527 1247 1606 bibliothecae

86 1677 190 1746 bnans
218 1669 399 1747 adbibitus
428 1678 492 1746 est.
535 1673 655 1770 Atque
682 1675 723 1746 ut
750 1669 871 1748 Caroli
892 1671 1014 1768 Magni
1039 1693 1100 1778 res
1128 1677 1248 1768 gestas

87 1812 126 1888 al
148 1813 358 1890 memoriam
385 1814 591 1890 universam
610 1813 754 1908 generis
773 1814 920 1889 humani
938 1813 1045 1889 unice
1063 1813 1248 1913 pertinere

87 1961 231 2048 constat,
266 1957 319 2031 sic
354 1955 575 2055 amplissima
607 1955 806 2031 litterarum
839 1963 1072 2032 monumenta
1107 1957 1146 2032 in
1178 1958 1249 2034 hoc

86 2097 242 2174 volumen
271 2097 450 2174 conducta
477 2098 586 2173 etiam
612 2099 721 2194 longe
749 2105 850 2174 extra
869 2097 1130 2176 Germanorum
1157 2099 1248 2176 fines

87 2239 192 2317 lucem
225 2241 420 2318 historicae
455 2241 674 2338 cognitionis
710 2245 747 2317 et
779 2241 991 2317 nominatim
1026 2242 1172 2342 quidem
1204 2242 1249 2319 ad

87 2407 138 2458 res
162 2384 303 2459 Italicas
331 2381 560 2483 Gallicaeque
588 2383 770 2476 deferunt,
803 2385 992 2462 imovero
1022 2407 1250 2462 communem

11 2569 12 2578 κ
87 2532 153 2602 tum
185 2526 436 2603 ascensionem
469 2526 620 2602 duarum
652 2527 794 2602 illarum
825 2533 1045 2626 potestatum
1072 2529 1249 2627 aperiunt,

11 2721 12 2766 3
87 2669 284 2767 pontificiae
313 2672 349 2742 et
376 2669 647 2768 imperatoriae,
685 2691 837 2768 quarum
864 2670 1077 2766 gravissima
1103 2676 1139 2746 et
1164 2694 1249 2770 per-

74 2809 245 2886 ·dintnrna
272 2811 469 2887 certamina
496 2810 670 2911 deinceps
696 2818 892 2888 consecuta
909 2812 1149 2911 complurium
1170 2835 1249 2888 sae·

90 2953 241 3029 culorum
267 2954 479 3030 memoriam
506 2954 661 3030 maxime
691 2955 888 3030 continent.

184 3095 300 3172 Huius
341 3097 463 3195 operis
508 3096 740 3172 fundamenta
778 3121 837 3173 me
882 3098 1002 3172 iacere
1048 3097 1252 3192 ingressum

89 3244 313 3340 posteaquam
341 3239 562 3337 aliquantum
590 3240 764 3338 temporis
783 3238 936 3315 detinuit
956 3237 1005 3330 id,
1034 3261 1106 3338 quo
1126 3260 1251 3314 omnes

90 3381 189 3455 animi
222 3405 360 3457 summe
396 3379 697 3474 sollicitabantur,
733 3380 1086 3456 vehementissimum
1118 3379 1253 3456 bellum

11 3577 12 3584 κ
91 3525 267 3622 superiore
286 3547 382 3600 anno
402 3529 553 3620 gestum,
582 3523 626 3599 ad
646 3529 834 3623 receptum
852 3523 1010 3599 studium
1029 3521 1103 3599 obii
1120 3521 1251 3599 biblio·

90 3665 202 3742 tbecas
246 3666 531 3765 imperialem
575 3665 908 3758 Parisiensem,
953 3664 1251 3758 Mettensem‚

93 3805 240 3884 Sancti
285 3807 429 3901 Galli,
483 3809 658 3904 regiam
708 3807 1048 3899 Monacensem‚
1096 3805 1253 3884 Sancti

91 3947 299 4043 Floriani,
338 3973 596 4028 caesaream
621 3949 1041 4028 Vindobonensem.
1090 3948 1252 4048 Itemque

94 4090 180 4168 domi
211 4099 357 4193 praesto
384 4093 472 4169 mihi
501 4094 646 4169 luerunt
671 4093 837 4169 nonnulli
865 4098 1093 4168 externarum
1119 4090 1251 4167 biblio·

94 4234 265 4313 thecarum
291 4234 375 4312 libri
401 4259 510 4312 manu
539 4236 675 4335 scripti,
704 4236 802 4311 velut
828 4215 1069 4312 bibliothecae
1096 4255 1251 4310 caesa·
