3064 4928
277 226 321 292 24
472 203 477 210 ¹
631 237 748 287 connx
772 235 975 286 assamur.
1010 231 1096 284 nno

175 419 254 540 dms
276 407 385 491 priam
397 402 526 489 pellens,
552 400 684 466 atinam
699 398 748 464 uel
762 399 801 464 ab
817 399 881 464 olio
898 400 1062 464 dimissam
1077 397 1212 476 denuit,
1236 395 1447 460 communione
1487 397 1489 476 ’χ

151 506 171 539 0.
193 506 229 539 m.

278 523 430 608 privetur.

369 633 522 700 Octavum
544 629 717 717 capitulum
741 629 779 695 de
802 628 986 716 presbiteris
1009 632 1042 694 ot
1063 625 1256 709 diaeonibus,
1280 628 1351 712 qui
1372 647 1448 691 sea

279 751 512 816 ministerio
536 748 816 813 aeclesiastico
840 745 1081 811 subtrahunt
1110 756 1144 809 et
1171 765 1345 808 seorsum
1372 741 1448 806 col-

281 867 402 932 lectas
422 865 599 950 faciunt.
690 861 741 928 Ex
764 881 882 927 esnone
904 859 1072 926 Antioaoni
1095 857 1234 938 oonsilii;
1257 856 1397 944 capitulo
1415 851 1450 922 5¹
1493 897 1494 914 η

280 979 515 1068 promulgatum
545 982 606 1044 est:
644 978 684 1044 Si
711 981 781 1064 quis
809 977 962 1064 presbiter
990 989 1046 1042 aut
1074 978 1241 1056 diaconus,
1272 977 1451 1061 episcopum
1494 981 1495 988 ’

276 1100 448 1185 proprium
472 1107 703 1180 contempnens,
733 1117 765 1159 se
787 1094 827 1159 ab
851 1094 983 1158 aeclesia
1005 1095 1243 1178 sequestraverit
1265 1104 1294 1156 et
1313 1113 1452 1156 seorsum

282 1214 431 1298 sollipens
454 1211 555 1276 altare
569 1213 780 1275 constituerit·
796 1223 824 1276 et
839 1211 1046 1276 comosonenti
1066 1212 1210 1295 episeopo
1232 1230 1297 1272 non
1319 1208 1452 1293 adquie-

282 1331 370 1408 verit,
394 1350 451 1392 nea
473 1329 646 1391 consentire
668 1327 716 1390 vel
739 1327 863 1392 obedire
884 1327 1018 1391 notauit
1039 1325 1132 1390 semel
1155 1337 1183 1390 et
1204 1327 1316 1388 itaum
1339 1345 1452 1388 senoo-

184 1481 186 1486 ·
282 1447 377 1523 canu,
403 1443 455 1507 isio
470 1445 657 1530 dampnetur
673 1445 851 1508 omnimodo
866 1466 923 1507 nec
937 1443 1023 1508 ultra
1046 1443 1217 1507 remedium
1234 1451 1451 1526 consequatur,
1500 1500 1501 1504 ,

283 1564 359 1648 quia
386 1582 477 1624 suam
506 1562 644 1646 recipere
674 1582 738 1625 non
771 1572 872 1645 potest
899 1561 1091 1645 dipsitntem.
1140 1556 1263 1638 Quodsi
1289 1557 1454 1622 aeclesiam

282 1677 408 1742 turbare
432 1688 460 1740 et
481 1675 652 1742 sollicitare
669 1679 823 1762 persistit,
847 1688 1008 1761 tamquam
1024 1677 1188 1740 seditiosus
1209 1695 1269 1760 per
1288 1683 1453 1758 potestates

282 1807 403 1860 eeteros
427 1791 632 1878 obprimatur.

369 1907 495 1973 Nonum
521 1905 694 2002 cupitulum
724 1909 768 1972 de
797 1907 960 1972 clericis
989 1919 1023 1971 et
1049 1905 1251 1970 monachis
1273 1928 1347 1970 non
1372 1927 1453 1968 mn-

282 2025 469 2088 nentibus
497 2026 537 2087 in
565 2045 633 2088 suo
660 2027 888 2110 proposito,
925 2021 1007 2106 quod
1035 2021 1263 2104 interrogatum
1292 2025 1349 2087 est.
1420 2019 1454 2084 In

283 2157 402 2204 canone
425 2136 666 2222 calcedonensi,
696 2137 834 2224 capitulo
859 2134 897 2203 7²
924 2138 1084 2204 decretum
1114 2141 1176 2204 est:
1208 2137 1274 2219 Qut
1300 2137 1395 2202 semel
1422 2139 1455 2202 in

284 2255 364 2320 ciero
388 2257 531 2342 deputati
550 2268 624 2319 suut
646 2267 701 2320 aut
722 2256 946 2321 monachorum
968 2259 1065 2320 uitam
1089 2257 1318 2342 repetiverunt,
1343 2255 1456 2318 statui-

282 2392 352 2434 mus
378 2392 478 2456 neque
507 2372 551 2435 ad
579 2371 726 2434 militiam
757 2393 856 2457 neque
889 2373 933 2436 ad
966 2373 1151 2458 dipnitatem
1179 2372 1320 2458 aliqua-m
1348 2373 1455 2434 uenire

282 2487 476 2552 mundanam
482 2509 493 2563 ‚·
516 2483 588 2550 sedb
604 2487 662 2551 lsoe
677 2499 858 2574 temptantes
877 2502 906 2553 et
920 2511 984 2554 non
1007 2501 1131 2574 apeutss
1149 2490 1365 2575 penitentiam,
1392 2507 1454 2573 quo

283 2605 387 2666 minus
401 2604 521 2668 redire⁰
537 2602 668 2668 debeant
690 2604 733 2667 ad
754 2601 818 2682 idff,
843 2605 929 2689 quod
949 2618 1081 2691 propter
1095 2604 1201 2669 Deum
1218 2607 1370 2690 primitus
1395 2603 1454 2668 ele·

281 2733 404 2806 perant,
429 2719 699 2784 anathematizari.

372 2832 537 2901 Decimum
572 2833 746 2920 capitulum
780 2837 824 2901 de
858 2835 1032 2916 clericis,
1069 2840 1139 2922 qui
1169 2849 1260 2903 sunt
1292 2839 1333 2901 in
1363 2848 1454 2922 pto-

284 2951 403 3032 chiis,
427 2953 680 3017 monasteriis
704 2964 820 3037 atque
842 2955 1058 3038 martyriis.
1141 2951 1192 3018 Ex
1211 2971 1331 3018 canone
1346 2949 1456 3017 Calce-

283 3065 431 3132 donensis
447 3064 586 3147 oonsilii;
611 3065 748 3153 capitulo
765 3061 804 3132 θ’
820 3066 866 3132 its
881 3066 1040 3133 decretum
1057 3071 1119 3133 ast:
1144 3067 1266 3150 Clerici,
1285 3071 1344 3155 qui
1354 3090 1454 3156 prae·

274 3184 431 3268 ficiuntur
465 3184 604 3270 ptochiis
640 3183 690 3246 oet
727 3183 916 3249 ordinantur
949 3187 983 3249 in
1017 3188 1215 3250 monasteriis
1253 3199 1282 3252 et
1315 3185 1455 3250 basilicis

282 3313 474 3386 martyrum,
504 3299 561 3364 sub
591 3301 824 3385 episcoporum,
856 3303 914 3386 qui
940 3304 973 3365 in
1003 3323 1194 3388 unaquaque
1220 3304 1343 3367 oioitate
1369 3313 1453 3380 sunt,

282 3417 452 3480 secundum
474 3430 654 3483 sanctorum
679 3427 808 3501 patrum
835 3417 1033 3497 traditiones,
1059 3429 1212 3504 potestate
1234 3430 1453 3505 pertimeant,

283 3553 339 3594 neo
357 3553 420 3617 per
434 3535 656 3598 contumatiam
673 3533 873 3619 abepiscopo
890 3556 947 3598 suo
963 3535 1120 3600 desiliant.
1158 3532 1223 3617 Qui
1243 3557 1314 3600 oero
1338 3536 1456 3600 audent

284 3658 416 3710 evertere
439 3645 620 3712 huiusmodi
635 3647 781 3732 sormam
804 3671 998 3735 quocumque
1019 3651 1112 3716 modo
1134 3673 1190 3715 nee
1207 3654 1344 3738 proprio
1367 3651 1454 3715 subi-

284 3763 411 3824 oiuntur
427 3763 583 3847 episcopo,
608 3766 778 3849 siquidem
794 3765 901 3830 elerici
921 3779 1004 3845 sunt,
1030 3788 1184 3831 canonum
1207 3769 1455 3854 correptionibus

283 3876 496 3956 subiacebunt,
520 3879 636 3942 sivero
660 3879 737 3945 laici
757 3881 807 3946 sel
827 3881 1123 3966 monachismum,
1149 3886 1363 3949 communione
1383 3887 1454 3971 pri·

283 4004 403 4056 oentur.

354 4109 376 4143 ι.
400 4097 519 4144 constituit
535 4115 591 4144 corr.
608 4101 631 4144 tn
647 4098 791 4145 constituerit
807 4117 827 4146 e.
905 4103 927 4148 b.
951 4107 989 4149 sut
1006 4123 1025 4149 e.
1103 4117 1124 4150 a.
1140 4119 1282 4153 commonere
1301 4124 1358 4153 corr.
1374 4123 1453 4152 nunus

284 4177 380 4238 antiqua
397 4179 418 4223 in
436 4178 556 4236 quominus
573 4177 655 4223 redire.
734 4177 757 4224 d.
781 4179 809 4224 ud
825 4179 850 4226 id
867 4181 961 4228 addidit
977 4201 1055 4230 manus
1073 4189 1175 4246 antiqno.

357 4264 380 4316 1.
400 4279 444 4332 sp.
455 4262 616 4334 Dionysium
630 4261 674 4316 l.l.
687 4265 769 4330 1258·
835 4267 860 4321 2.
880 4283 923 4338 sp.
933 4267 1095 4341 Dionysium
1107 4270 1125 4324 l.
1135 4272 1152 4326 l.
1165 4288 1192 4342 p.
1200 4273 1261 4327 124.
1322 4273 1348 4327 3.
1366 4272 1454 4341 osp.8

283 4365 327 4418 sp.
340 4350 504 4423 Dionysium
522 4351 539 4408 1.
554 4352 570 4406 l.
588 4367 616 4420 p.
631 4353 691 4407 124.
