3052 4934
288 243 352 310 118
628 257 745 308 conax
769 255 972 306 careamus.
1007 258 1060 306 aa.
1076 253 1112 307 aa
1228 284 1232 294 ·

125 437 266 496 'rol-aaa
286 423 361 488 vina
382 421 532 488 maiestas
555 419 638 486 sient
659 419 693 484 in
715 417 815 485 Davit
834 437 909 503 rege
936 423 968 486 et
989 417 1159 505 propbeta,
1189 422 1328 485 testante
1350 417 1461 485 eodem

284 537 578 604 misericordissimo
596 535 664 603 Deo
687 539 795 601 nostro
818 536 852 601 in
874 535 918 620 id,
943 535 1025 621 qnod
1050 535 1108 601 ait:
1133 536 1247 601 Inveni
1259 537 1373 602 Dauid
1394 559 1460 601 ser·

283 678 357 720 cum
380 677 482 720 meum
504 655 674 718 secundam
697 675 751 717 cor
772 673 884 732 meum,
909 655 944 716 ab
960 652 1026 718 oleo
1049 665 1157 718 eundo
1180 655 1261 717 uoci
1283 647 1387 728 cum¹,·
1410 651 1461 717 oni

284 774 316 836 et
338 789 470 853 regnum
495 774 527 835 et
549 768 664 835 semini
687 767 754 837 eius
769 767 802 832 in
819 771 982 833 aeternum
1004 766 1139 850 gloriose
1162 767 1275 834 tribuit
1294 767 1461 853 possiden·

283 885 369 952 dum.
463 884 516 951 Sic
538 885 633 966 enim,
656 883 950 970 praecellentissimi
971 889 1065 968 atque
1080 882 1269 950 nobilissimi
1284 881 1344 948 filii
1359 903 1379 949 a
1393 883 1462 949 Deo

283 1002 422 1068 instituti
445 1022 546 1086 reges,
568 1001 670 1067 isdem
686 1001 830 1066 dominus
847 999 933 1066 Deus
955 1005 1064 1066 noster
1085 999 1119 1066 in
1133 1003 1240 1066 vestra
1262 979 1462 1064 christianis·

285 1118 366 1184 sima
388 1117 567 1204 conplacuit
589 1115 776 1182 excellentia
799 1122 908 1202 atque,
937 1116 972 1180 ln
994 1121 1084 1182 utero
1107 1115 1218 1182 matris
1240 1135 1297 1181 vos
1322 1113 1462 1182 sanctiti-

284 1253 370 1317 oans‚
395 1235 435 1299 ad
450 1238 524 1299 tam
547 1253 695 1317 magnum
719 1233 824 1316 regule
847 1233 993 1318 perrexit
1016 1231 1155 1316 culmen,
1179 1232 1309 1297 mittens
1334 1236 1462 1318 apostu-

283 1349 351 1416 lum
379 1369 470 1416 suum
500 1350 628 1415 beatum
650 1347 781 1415 Petrum
808 1370 867 1435 per
895 1351 962 1415 eius
990 1368 1105 1436 nempe
1133 1348 1302 1430 ricarium3
1332 1352 1366 1414 et
1391 1346 1462 1414 oleo

284 1471 392 1532 sancto
416 1485 472 1532 vos
494 1469 697 1550 vestrumque
725 1463 1062 1551 praecellentissimum
1090 1465 1264 1548 genitorem
1287 1473 1462 1548 unguens·‚

282 1582 450 1649 celestibus
472 1581 607 1668 replevit
628 1581 914 1663 benedictionibus3
939 1585 971 1647 et
993 1585 1135 1647 saneim
1159 1601 1247 1646 ruam
1271 1578 1461 1647 catholicam

283 1704 315 1766 et
338 1699 543 1785 apostolicam
567 1697 731 1763 ecclesiam
755 1703 848 1783 etque
872 1697 1079 1764 orthodoxam
1098 1697 1341 1764 christianorum
1363 1696 1461 1766 tidem

284 1815 372 1882 vobis
388 1815 546 1880 commisit
561 1813 764 1880 exaltandum
781 1819 874 1899 atque
889 1813 1024 1879 viriliter
1040 1813 1276 1881 defendendam.
1370 1813 1463 1893 Quod

163 1913 166 1928 ⁸
282 1933 434 2018 profecto,
459 1930 714 1996 excellentissimi
730 1930 797 2014 lilii,
823 1929 960 2016 Spiritus
976 1931 1077 1995 sancti
1100 1930 1205 2013 gratia
1225 1929 1340 2017 repleti
1360 1935 1396 1996 et
1412 1951 1462 1997 ce-

282 2046 355 2114 lesti
380 2047 575 2133 protectione
599 2047 709 2130 adiuti,
734 2065 827 2130 agere
850 2046 924 2112 totis
947 2045 1069 2113 nisibus
1093 2047 1258 2112 statuistis.
1293 2046 1338 2112 Et
1351 2053 1460 2114 vestro

285 2163 403 2230 auxillo
427 2168 521 2248 atque
545 2163 716 2229 certamine
738 2163 810 2248 ipsa
827 2167 937 2228 saneta
951 2161 1011 2228 Dei
1027 2161 1158 2228 ecclesia
1181 2163 1333 2249 spiritalis
1356 2171 1462 2230 mater

283 2285 397 2346 vestra·
417 2279 456 2345 ab
485 2279 686 2345 inimicorum
713 2279 837 2345 insidiis
866 2278 1001 2344 liberata
1030 2278 1152 2344 exultat
1179 2279 1211 2344 iu
1236 2279 1362 2346 dominu
1389 2279 1462 2346 Iesu

284 2393 426 2476 Christ03
456 2400 488 2461 et
509 2395 543 2461 in
565 2399 736 2482 conspeetu
758 2395 933 2460 divinitatis
955 2398 1062 2461 vestra
1084 2395 1239 2478 'effulgent
1267 2395 1322 2482 pia
1350 2415 1460 2483 opera,

284 2515 316 2576 et
338 2531 410 2577 cum
432 2510 536 2577 David
558 2516 652 2596 atque
677 2510 842 2577 Salomone
865 2510 991 2594 regibus
1015 2517 1047 2577 et
1069 2512 1181 2578 ceteris
1202 2512 1264 2579 Dei
1286 2511 1460 2581 cultoribus

282 2632 390 2694 vestra
411 2627 444 2692 in
468 2627 635 2694 celestibus
659 2627 764 2711 regnis
789 2627 948 2714 adscripta
970 2631 1044 2694 sunt
1065 2629 1203 2695 nomina.

372 2743 534 2827 Interea,
560 2743 635 2808 durn
657 2748 745 2809 tanto
769 2748 873 2809 vestro
897 2742 1047 2810 beneficio
1070 2744 1263 2810 dinoscimur
1287 2765 1355 2812 osse
1378 2747 1460 2819 rele-

282 2860 363 2944 vati,
393 2880 481 2926 amor
503 2879 561 2926 nos
587 2858 748 2942 hortatur,
777 2859 1032 2924 christianissimi
1060 2880 1097 2926 ao
1119 2860 1294 2926 dulcissimi
1315 2860 1392 2948 filii,
1423 2863 1460 2930 de

283 2980 389 3042 vestra
406 2977 618 3062 prosperitate
634 2952 741 3041 sedule
757 2976 919 3042 addiscere
934 2981 967 3042 et
981 2977 1013 3042 in
1025 2974 1162 3043 Domino
1176 2977 1341 3061 gratulari.
1418 2979 1461 3047 Et

282 3091 352 3158 ideo
369 3091 558 3158 visitationis
576 3095 669 3176 atque
685 3091 884 3158 salutationis
899 3097 1031 3178 paterno
1048 3093 1159 3160 affectu
1183 3095 1232 3160 hia
1247 3095 1365 3162 nustria
1383 3115 1460 3183 apo·

283 3207 402 3274 stolicis
432 3207 574 3294 apicibus
603 3207 812 3293 persolvimus
836 3208 1010 3292 vinculum3
1038 3229 1229 3298 magnopere
1256 3219 1459 3298 praesentem

281 3322 422 3408 Petrum,
445 3324 583 3409 primum
604 3323 803 3390 defensorum
828 3329 955 3391 sanctae
977 3331 1104 3392 nostrae
1127 3327 1275 3394 ecolesma
1297 3333 1459 3396 nostrum·

283 3459 343 3524 que
366 3438 489 3505 fidelem
512 3435 672 3522 missum²‚
697 3440 737 3505 ad
752 3445 890 3506 vestram
906 3440 1077 3524 dirigentes
1093 3443 1321 3529 excellentiam,
1347 3453 1459 3532 quate-

282 3572 342 3619 nus
366 3554 606 3622 desiderabilem
635 3560 744 3622 nostra
766 3556 834 3622 vice
862 3556 979 3623 referat
1007 3558 1149 3625 salutem.
1191 3559 1288 3638 Quem
1316 3566 1458 3650 petimus

283 3667 418 3751 benigne
442 3689 460 3735 a
483 3670 571 3737 vobis
601 3672 736 3758 suscipi,
767 3676 799 3738 et
822 3672 861 3738 de
884 3678 990 3738 vestra
1017 3693 1075 3761 per
1102 3675 1192 3742 eum¹¹
1216 3679 1371 3765 sospitate
1401 3702 1457 3749 nos

283 3790 385 3849 certos
400 3783 561 3870 laetosque
576 3787 680 3869 roddi3
705 3786 840 3854 obnixae
854 3793 1009 3874 petentes,
1025 3790 1198 3858 dulcissimi
1212 3791 1279 3878 fibi,
1299 3797 1458 3865 excelleu-

283 3900 362 3965 tiam
386 3905 537 3966 vestram:
562 3906 612 3985 ut,
636 3903 691 3988 pia
712 3904 846 3987 vestigia
869 3910 1051 3990 sequentes,
1074 3908 1249 3976 imitatores
1273 3909 1457 3982 efficiamini

282 4015 523 4083 christianorum
548 4023 715 4103 parentum
731 4025 919 4105 vestrorum,
943 4017 1010 4087 avi³
1025 4043 1140 4110 nempe
1161 4030 1193 4092 et
1214 4023 1346 4112 proteri⁴
1362 4037 1457 4116 atque

354 4198 375 4231 a.
399 4197 486 4242 ungnes
503 4203 523 4231 c.
615 4183 637 4231 b.
662 4198 703 4245 per
719 4201 770 4233 enm
785 4201 827 4247 per
842 4201 894 4235 oum
909 4207 930 4237 c.

356 4289 380 4343 1.
401 4286 442 4343 Gr'.
460 4289 505 4343 Ps.
518 4289 561 4357 88,
575 4289 619 4344 21.
711 4291 736 4346 2.
755 4290 790 4346 V.
808 4307 891 4362 supra
908 4309 935 4363 p.
950 4294 1001 4350 116
1020 4309 1046 4350 a.
1059 4297 1085 4350 2.
1174 4297 1200 4353 3.
1220 4297 1310 4357 Caroli
1327 4301 1454 4361 hlartelli.

280 4375 307 4431 4.
326 4375 434 4446 Pippini
448 4377 476 4432 11
494 4377 604 4433 mauris
622 4376 728 4448 domus,
747 4377 784 4433 fil.
796 4379 918 4450 Ansgisi.
