3048 4934
393 319 511 368 consx
534 318 738 368 oenomaus
772 315 860 368 mea
909 335 914 341 ·
1174 302 1215 368 19

59 477 188 564 abbates,
217 483 255 545 ut
276 478 443 564 condocet,
471 479 506 547 in
528 484 637 546 sancto
660 479 769 546 habitu
793 483 826 546 et
847 478 1088 547 conversacione
1111 497 1215 546 sacer·
1260 495 1312 551 ιιι

59 595 142 662 dotali
161 595 369 682 conversetis,
393 601 541 664 vacantes
565 594 778 679 orationibus,
800 594 983 662 insistentes
1004 595 1151 683 precibus
1175 595 1215 664 ad
1234 567 1338 618 ΗΜ

58 712 272 799 inplorandam
288 712 428 780 divium
447 712 623 800 potentiam
639 718 671 779 et
685 710 815 778 caelitus
831 711 999 778 victoriam
1013 710 1215 780 tribuendam

59 828 191 895 adsersus
224 849 367 916 paganas
401 835 434 896 ct
465 827 607 896 infideles
635 833 745 910 gentes
773 827 1061 916 propugnatoribus
1090 829 1213 896 vestris.

58 944 167 1011 Etenim
188 946 279 1012 vobis
308 945 342 1012 in
369 964 446 1011 vera
474 944 670 1012 confessione
698 949 730 1012 et
759 945 896 1034 simplici
926 944 1020 1012 corde
1049 944 1090 1012 ad
1112 945 1215 1023 Deum

59 1061 260 1130 accedentibus
277 1099 320 1108 -
337 1061 418 1128 sicut
439 1059 565 1148 Moyses
587 1061 641 1128 ille
665 1062 784 1128 amicus
806 1061 867 1128 Dei
890 1061 1008 1129 orando
1036 1057 1215 1150 pugnabat¹

59 1184 91 1262 ct
110 1178 175 1245 lesu
196 1175 305 1245 Nave'
328 1198 399 1245 cnm
421 1177 540 1265 populo
558 1177 656 1245 Israel
679 1177 762 1245 bella
776 1177 905 1244 Domini
927 1177 1122 1265 praeliando,
1146 1178 1215 1246 vin-

59 1294 133 1361 cebat
146 1331 186 1341 -—
203 1295 250 1362 ita
273 1299 306 1361 ct
321 1315 376 1360 ros
399 1314 491 1378 agere
515 1299 649 1380 oportet,
673 1293 835 1362 karissimi
858 1294 950 1378 mihi3
974 1299 1011 1361 ut
1033 1294 1102 1361 sitis
1127 1294 1215 1362 adiu-

59 1417 127 1476 tores
147 1410 263 1499 populo
280 1416 395 1494 vestro,
419 1411 537 1478 orando
559 1415 590 1478 et
605 1410 696 1478 bonis
712 1411 833 1478 actibus
848 1410 1031 1496 inherendo,
1055 1409 1215 1478 declinan-

58 1533 96 1592 tes
116 1549 133 1594 a
153 1529 235 1595 curis
261 1533 294 1594 et
315 1527 449 1612 negabis
472 1527 675 1596 secularibus.
711 1525 872 1616 Scriptum
896 1532 945 1594 est
966 1527 1066 1594 enim:
1089 1529 1213 1612 Vocare,

59 1647 189 1712 audete
210 1648 364 1732 quoniam
386 1649 492 1711 macab
516 1658 560 1712 eat
573 1639 768 1722 Dominuo⁸5
793 1649 826 1710 et
847 1645 978 1711 iterum:
1002 1644 1150 1712 Acceditc
1172 1647 1216 1710 ud

59 1783 123 1842 mm,
145 1774 172 1828 et
192 1763 435 1828 inluminamini
439 1786 450 1840 ,·
474 1775 503 1829 ct
523 1763 627 1828 cultus
649 1764 745 1828 vestm
765 1785 830 1827 oon
854 1755 1055 1828 moercar.
1093 1759 1215 1828 Princi-

60 1895 103 1961 pes
123 1881 152 1944 st
173 1877 333 1946 seculares
355 1877 498 1944 homines
520 1883 614 1964 atque
628 1877 796 1946 bellatores
812 1876 959 1946 convenit
973 1896 1082 1944 euram
1099 1873 1215 1944 babere

60 1999 84 2057 et
102 1993 339 2062 sollicitudinem
362 2000 471 2060 contra
493 1994 694 2062 inimicorum
722 1995 873 2061 astutiam
901 1999 933 2061 et
961 1992 1138 2082 provintiae
1160 1992 1215 2060 de·

60 2109 229 2196 tonsionem,
255 2108 454 2198 praesulibus
477 2131 552 2177 vero
575 2111 790 2178 sacerdotibus
812 2110 915 2198 adque
937 2110 999 2178 Dei
1020 2111 1120 2178 servis
1142 2131 1216 2200 per-

60 2225 125 2292 tinet
145 2227 335 2294 salutaribus
359 2226 498 2294 consiliis
522 2232 554 2294 et
574 2227 773 2294 oracionibus
790 2247 916 2309 voeare3
939 2233 985 2312 ut,
1008 2227 1099 2296 nobis
1122 2248 1215 2296 oran·

60 2341 144 2407 tibus·
158 2349 189 2410 et
203 2343 268 2410 illis
284 2343 485 2427 bellantibus,
501 2343 568 2410 Deo
584 2348 755 2431 prestante,
772 2344 937 2430 provincia
951 2343 1040 2410 salva
1054 2345 1214 2432 persistat,

61 2455 175 2543 fiatqueb
195 2459 286 2526 vobis
314 2459 348 2525 in
369 2458 503 2526 salutem
526 2459 653 2527 laudem
675 2464 708 2526 et
729 2460 907 2527 mercedem
929 2466 1124 2548 perpetuam.
1164 2461 1215 2528 Ex

61 2571 106 2640 hoc
126 2576 238 2663 qnippe
261 2575 462 2663 praesulatus
485 2581 588 2642 vester
612 2576 779 2664 apparebit
800 2577 835 2643 in
857 2577 1042 2662 sanctitate,
1074 2583 1106 2644 st
1128 2577 1216 2663 prin·
1246 2561 1255 2572 ’

62 2689 164 2774 cipetra
185 2692 293 2759 dilecti
315 2691 375 2758 filii
395 2692 497 2758 nostri
518 2690 648 2779 Pippini
671 2692 897 2779 adprobabitur
922 2714 981 2782 per
1003 2691 1215 2760 subiectorum

62 2811 228 2890 potestatem
253 2814 286 2876 et
308 2808 424 2876 bonnm
448 2807 648 2894 dispositum.

132 2923 252 3010 ltaque,
284 2929 320 2990 ut
347 2923 500 3008 flagitavit
524 2946 543 2991 e
563 2924 654 2991 nobis
678 2944 750 2990 cum
772 2929 877 2992 vestro
902 2923 1047 2992 consultu
1070 2925 1215 3012 superius

63 3036 154 3106 effatus
174 3041 258 3108 filius
283 3047 390 3108 noster
412 3040 584 3128 Pippinus,
612 3047 648 3108 nt
670 3043 708 3109 de
734 3038 879 3109 omnibns
909 3041 1071 3128 capitulis,
1101 3040 1215 3128 quibus

63 3154 186 3242 innotuit,
208 3178 398 3246 responsum
421 3154 559 3243 demus⁵,
583 3158 615 3223 in
632 3165 784 3244 quantum
800 3158 936 3225 Domino
953 3159 1047 3225 dante
1061 3157 1215 3240 suemus,

64 3269 93 3337 de
110 3293 165 3340 uno
181 3293 306 3361 quoque
322 3275 460 3361 capitulo
482 3275 614 3342 inferius
637 3276 860 3362 consmiptum,
884 3275 975 3342 iuxta
991 3273 1075 3359 quod
1091 3294 1111 3340 a
1125 3293 1215 3340 sano·

63 3387 95 3452 tis
123 3390 259 3476 patribus
294 3391 446 3458 traditum
479 3390 630 3458 habemns
665 3396 698 3458 et
728 3411 891 3460 sacrorum
920 3409 1073 3458 canonum
1110 3389 1217 3456 sanxit

64 3507 221 3594 meantes,
249 3508 348 3574 etiam
370 3513 403 3574 et
424 3527 493 3590 noe,
518 3508 602 3593 quod
623 3507 692 3575 Deo
715 3508 890 3595 inspirante
914 3505 1087 3592 apostolica
1109 3511 1215 3573 aucto

65 3618 140 3688 ritate
159 3623 327 3692 decernere
349 3625 522 3711 potuimus,
545 3624 764 3692 mandavimus
786 3624 821 3690 in
843 3618 1031 3710 responsis⁸.

122 3821 140 3854 ι
161 3808 294 3858 boantibus
311 3829 368 3858 corr.
384 3813 407 3858 in
423 3811 541 3859 orantibus
557 3831 577 3859 c.
654 3811 677 3858 b.
702 3812 723 3858 si
739 3811 812 3871 adque
830 3827 887 3856 ωτι.
902 3813 924 3857 tn
939 3809 1025 3870 fiatque
1041 3826 1061 3856 e.

124 3915 145 3968 1.
162 3915 195 3970 V.
208 3915 297 3972 Erod.
309 3917 351 3987 l'l,
364 3917 451 3986 9squ.
518 3917 544 3971 2.
558 3917 575 3972 i.
586 3931 610 3972 e.
621 3917 714 3988 Iosue3
734 3913 768 3971 ct'.
779 3915 862 3970 Eecli.
872 3915 915 3984 46,
929 3916 954 3970 1.
1022 3914 1048 3968 a.
1060 3913 1106 3969 Pe.
1115 3911 1159 3983 to,
1172 3913 1215 3968 11.

66 3997 185 4060 tetre.
198 4005 242 4075 33,
257 4007 283 4061 6.
356 4005 383 4060 5.
402 4004 444 4061 (ti.
457 4003 486 4061 S.
496 4005 626 4062 Bonifatii
644 4006 732 4074 epid
751 4005 789 4072 (in
801 4003 882 4060 buius
894 4001 1081 4058 Bibliothecae
1092 4001 1217 4058 tornoIII
1307 4011 1315 4026 ·

69 4087 128 4160 lili,
144 4093 211 4149 unde
229 4093 412 4150 animadverti
430 4099 530 4164 potest,
552 4109 606 4164 quo
624 4099 748 4164 tempore
767 4093 835 4148 baec
853 4092 1000 4147 Zachariae
1019 4091 1054 4145 ad
1071 4090 1216 4160 Pippinum

69 4177 162 4244 eubulo
177 4183 260 4239 missa
277 4185 322 4240 sit
413 4187 439 4239 6.
459 4183 535 4248 Quae
553 4187 705 4254 sequuntur
723 4183 854 4253 capitula,
878 4197 912 4237 ea
929 4181 1041 4236 omnino
1058 4178 1115 4235 iere
1133 4179 1218 4234 ducta

70 4272 119 4321 sunt
133 4283 147 4324 e
162 4271 284 4346 Dionysii
303 4272 405 4343 Exiget
422 4273 582 4329 collectione
600 4286 751 4342 canonum,
774 4272 803 4328 in
824 4286 859 4327 eo
878 4269 949 4326 libro
967 4269 1042 4325 edita
1058 4269 1106 4340 qui
1123 4267 1217 4324 inscri-
1331 4287 1332 4290 ¹

70 4349 136 4502 Ιὶιὲἓθιι
156 4360 246 4418 Codex
264 4377 400 4420 canonum
418 4367 500 4420 vetus
518 4362 651 4420 ecclesiae
668 4361 809 4418 Romanae
832 4359 892 4429 (ed.
907 4358 1068 4429 Pithoeus),
1091 4356 1218 4414 Lutetiae

963 4536 1004 4592 2¹2
