3060 4962
286 257 353 324 294
633 269 752 320 oonrx
773 267 977 319 oaaosnrus.
1011 269 1064 316 nr.
1080 265 1117 319 ss

127 449 266 506 uso-791
286 434 459 517 credentes,
484 433 632 500 consuete
654 429 702 498 illi
723 429 885 497 licentiam
913 425 1102 504 tribuimusa
1128 433 1180 514 nt,
1208 428 1361 496 canonice
1388 447 1459 496 enm

286 550 497 634 examinante,
525 552 690 633 quatenns,
719 546 747 613 si
768 549 842 634 post
863 544 1091 612 discussionem
1113 549 1146 613 et
1166 564 1274 613 seram
1296 545 1459 612 examina·
1526 581 1527 604 r

285 667 404 734 tionem
433 669 557 732 rectum
584 668 617 730 et
638 661 827 729 catholicum
849 681 923 728 eum
943 661 1134 746 insanisset,
1164 662 1349 749 episcopum
1376 659 1459 728 ordi·
1526 651 1527 742 ζ

284 785 391 865 naret3
415 786 449 848 et
468 779 588 848 nullam
604 777 778 865 quamlibet
792 777 928 844 alienam
943 777 1050 844 sedem
1066 776 1201 846 ambiret
1214 777 1264 846 vol
1278 782 1459 864 usurparet,
1526 815 1527 832 κ

286 898 342 966 sed
365 894 561 965 solummodo
583 895 762 968 animarum
785 893 874 960 lucra
894 893 962 961 Deo
986 893 1101 962 otierri.
1192 893 1273 973 Quia
1297 913 1362 961 nna
1386 912 1459 961 cnm

286 1013 424 1082 Iohanne
446 1011 622 1100 presbitero
645 1009 790 1097 partibus
812 1010 927 1077 vestris
942 1011 1104 1078 uenientes
1120 1045 1163 1058 —
1180 1009 1265 1096 qnod
1285 1009 1377 1097 peius
1400 1014 1459 1094 est,
1526 989 1527 1006 ¹

285 1136 323 1197 nt
351 1130 418 1197 eius
445 1129 533 1196 tama
553 1127 587 1194 in
614 1125 743 1193 auribus
765 1126 883 1192 nostris
906 1125 1012 1193 sonuit
1032 1161 1075 1173 —
1096 1145 1160 1192 nou
1182 1130 1268 1194 recte
1288 1125 1346 1193 illa
1366 1124 1461 1210 Egils

285 1245 437 1332 predicat
473 1242 535 1311 Sed
559 1241 717 1310 erroribus
740 1241 869 1328 quidam
891 1237 1074 1327 Miugentii¹
1090 1242 1235 1327 magicos
1249 1242 1299 1310 sni
1314 1261 1459 1328 sequens,
1526 1325 1527 1328 Ἴ

287 1366 379 1429 eaba
400 1360 586 1428 catholicam
609 1357 821 1445 disciplinam,
842 1363 880 1424 ut
900 1359 1012 1444 iertnr,
1034 1363 1167 1426 conatur
1189 1359 1317 1441 dooere;
1340 1363 1376 1426 ot
1395 1355 1460 1425 alia
1526 1339 1527 1360 ¹

285 1477 379 1565 plura
407 1475 563 1564 capitula,
592 1494 673 1561 quae
698 1473 819 1559 'absque
845 1493 959 1542 norma
986 1473 1200 1544 ecclesiastica
1227 1473 1307 1543 alios
1332 1473 1461 1542 suaderi
1526 1505 1527 1564 3

286 1591 441 1661 uidentur.
533 1589 623 1669 Quod
651 1589 680 1657 si
705 1590 753 1657 its
781 1594 846 1674 est,
880 1595 988 1658 vestm
1015 1589 1200 1659 fidelissima
1227 1589 1372 1675 dilectio,
1407 1590 1460 1676 qui
1526 1655 1527 1660 ,

285 1729 430 1776 normam
454 1715 486 1775 et
507 1704 706 1793 disciplinam
730 1710 858 1773 saumae
880 1710 1009 1774 nostrae
1022 1706 1183 1775 &manae
1199 1706 1372 1776 caelamine
1387 1725 1460 1775 oon·
1526 1747 1527 1752 ,

286 1825 439 1910 sequitur,
461 1822 526 1890 ullo
549 1822 642 1890 modo
666 1841 775 1888 eornm
790 1821 948 1889 insaniam
963 1823 1091 1890 credere
1105 1823 1156 1892 vel
1171 1843 1303 1911 sequere
1317 1823 1459 1906 studest;

232 1916 235 1924 ¹
286 1939 362 2025 qnia
383 1938 495 2027 procul
524 1937 618 2004 dubio
642 1937 794 2005 minimas
815 1957 872 2005 ros
895 1937 1054 2006 credimus
1075 1946 1204 2009 sanetas
1225 1939 1390 2008 Romanse
1411 1958 1460 2008 eo-

286 2055 401 2122 elesiae
422 2055 569 2138 ignorare
592 2053 802 2140 disciplinam.
839 2053 902 2122 Sed
923 2055 1030 2142 potius
1046 2061 1272 2143 ammonentes,
1294 2055 1337 2124 sd
1350 2075 1461 2126 veram

287 2175 319 2238 et
341 2169 547 2237 orthodoxam
569 2167 665 2237 tidem
688 2189 742 2238 eos
764 2170 915 2239 reducere
928 2171 1138 2241 studeamini.

375 2283 473 2352 Porro
501 2290 534 2352 et
561 2286 601 2354 de
630 2285 774 2374 partibus
796 2287 910 2354 vestris
939 2288 1150 2374 pervenitad
1171 2307 1230 2354 uos
1252 2287 1388 2374 lugubre
1410 2308 1462 2356 ca·
1526 2267 1527 2306 ³

285 2401 438 2490 pilulam,
468 2402 551 2488 quod
574 2402 702 2488 quidam
725 2403 866 2490 episcopi
893 2403 1010 2471 ibidem
1033 2404 1198 2490 degentes,
1224 2404 1374 2473 videlieet
1394 2404 1462 2473 Eli·

168 2551 170 2557 ·
270 2514 447 2616 'phandus¹
475 2523 508 2587 et
529 2513 716 2586 Ascaricns¹
739 2537 811 2585 cum
840 2517 912 2586 aliis
942 2537 1051 2588 eorum
1079 2521 1313 2606 consentaneis,
1342 2520 1462 2590 Filium
1526 2535 1527 2542 ’

285 2635 347 2702 Dei
370 2635 555 2722 adoptivum
570 2633 713 2702 confiteri
729 2653 793 2702 non
809 2634 1006 2702 erubescunt
1042 2634 1132 2715 Quod
1146 2635 1263 2722 nullus,
1287 2637 1463 2723 quamlibet

285 2750 494 2836 heresiarcha,
518 2749 614 2817 talem
631 2750 861 2838 blasphemiam
884 2771 978 2818 ausus
994 2752 1216 2820 est-oblatrare
1236 2753 1300 2820 uisi
1321 2753 1461 2842 perfidus

285 2866 340 2934 ills
368 2867 549 2951 Nestorius,
580 2867 634 2953 qui
661 2886 778 2953 purum
806 2866 966 2935 bominem
989 2867 1049 2935 Dei
1078 2868 1239 2937 confessus
1261 2874 1311 2938 est
1330 2869 1459 2938 Filium.

287 2983 487 3070 Quapropter
508 2982 574 3050 ullo
597 2981 690 3049 modo
714 3001 824 3049 eorum
846 2983 1062 3070 serpentinum
1083 3005 1239 3053 venenum
1261 2986 1295 3053 iu
1322 2987 1462 3072 qualibet

287 3105 378 3188 parte
392 3104 530 3166 umbem
553 3097 711 3185 subripiat
730 3097 781 3165 vel
802 3099 984 3184 coinquinet
1006 3099 1216 3169 dilectionem
1251 3100 1315 3171 Sed
1336 3109 1461 3172 saumo-

286 3235 358 3282 rum
385 3215 566 3302 principum
598 3212 812 3301 apostolorum
841 3213 929 3282 Petri
959 3235 997 3282 ao
1023 3215 1115 3284 Pauli
1146 3216 1288 3285 diuinam
1317 3224 1461 3288 namtas

286 3331 515 3400 contessionem
538 3334 633 3416 atque
656 3349 765 3397 eorum
787 3336 916 3399 sanctas
936 3331 1109 3400 catholicae
1131 3339 1165 3401 et
1185 3333 1379 3420 apostolicae
1398 3335 1461 3404 Ro-

286 3467 379 3515 mane
414 3447 564 3516 ecclesiae
598 3450 765 3532 sequentes
793 3447 1001 3515 tradicionem
1027 3449 1210 3536 pariterque
1237 3453 1461 3540 precipuorum

288 3582 325 3630 ac
347 3563 570 3630 catholicorum
586 3561 798 3651 probabilium
814 3567 940 3651 patrum
957 3564 1102 3632 docmata
1116 3565 1355 3654 amplectentes,
1377 3567 1462 3636 lirrni

288 3683 320 3745 et
342 3679 471 3746 stabiles
494 3685 589 3764 atque
610 3677 788 3746 immobiles
807 3684 839 3746 et
852 3680 1032 3748 inconcussi
1045 3701 1110 3748 una
1122 3682 1288 3750 nobiscum
1303 3684 1337 3751 in
1353 3705 1462 3754 eorum

286 3793 447 3861 luculenta
474 3795 644 3863 baditionc
671 3813 876 3883 perseuerare
901 3796 1167 3882 imelrsgabiliter
1189 3803 1222 3866 et
1242 3800 1462 3870 incunctanter

359 3943 385 3997 1.
403 3957 426 3998 a.
438 3941 551 4014 lligetii,
569 3943 625 4014 qui,
644 3949 700 4000 tres
717 3959 850 4016 personas
865 3959 1010 4016 corporeas
1020 3949 1153 4018 emensus,
1172 3946 1275 4019 docuit
1293 3949 1384 4008 Patris
1399 3963 1462 4020 per·

287 4045 383 4086 sonam
402 4045 464 4086 esso
476 4031 620 4102 Davidem,
638 4033 700 4088 Filii
713 4033 805 4089 lesnm
824 4032 1001 4103 aliaurstb,
1019 4032 1138 4106 Spiritus
1155 4037 1244 4093 uncti
1261 4037 1378 4096 Paulum
1395 4053 1462 4110 apo-

287 4119 396 4175 stolum.
422 4119 455 4176 V.
469 4118 625 4176 Enhusberi
637 4120 856 4178 dbsertationsm
872 4122 902 4178 in
913 4121 1023 4179 Alonini
1035 4137 1099 4195 opp.
1112 4123 1157 4181 ed.
1165 4125 1319 4184 hubardus
1330 4129 1386 4185 ul
1397 4128 1460 4184 ooo.

287 4209 313 4264 i.
332 4223 375 4280 ep.
389 4209 552 4280 Toletanns,
572 4209 651 4266 cuius
668 4209 793 4267 doctrina
810 4225 883 4268 anno
902 4211 954 4268 786
972 4213 1120 4270 emanavit
1143 4214 1179 4272 V.
1195 4213 1325 4274 Frobeuli
1343 4217 1462 4286 dbsert,

286 4296 316 4352 ln
333 4296 442 4354 Alonini
465 4313 528 4369 opp.
542 4297 575 4354 T.
588 4297 601 4354 1
618 4299 680 4354 924.
770 4301 796 4356 3.
815 4299 851 4356 de
868 4315 924 4372 qno
942 4297 977 4357 cf.
991 4301 1120 4373 lllipandi
1138 4303 1262 4376 episcopt
1284 4305 1322 4362 ad
1338 4303 1462 4362 Fidelem

287 4383 415 4443 abbatem
433 4387 584 4459 epistolam,
602 4386 713 4445 Aloniui
731 4403 794 4459 opp.
809 4390 842 4446 T.
854 4389 882 4446 11
899 4389 961 4462 587,
979 4390 1040 4447 590.
