3052 4934
408 190 526 240 eonnx
549 191 753 244 conomius.
787 195 841 244 rm.
856 191 949 246 osso
1205 181 1270 249 119

96 346 350 416 excellentissimi
374 355 407 418 et
425 351 527 419 sDeo
548 352 687 420 instituti
709 355 818 439 magni
840 355 925 439 rogis
947 357 1100 440 genitoris
1116 358 1216 426 rostri
1238 364 1271 426 et
1288 374 1430 432 rel-teo

95 464 415 551 praecellentissimae
437 469 605 551 genetricis
621 476 745 537 vestroe
769 470 870 539 aDeo
894 473 1108 542 conservande
1129 475 1268 561 reginae,

96 580 146 664 qui
167 601 244 648 uere
266 602 344 668 prae
367 583 512 650 omnibus
534 585 661 669 regibus
683 585 791 654 fideles
814 587 882 656 Deo
912 594 946 655 et
968 587 1060 656 besto
1081 588 1176 657 Petro
1199 611 1269 660 esse

95 697 349 783 comprobantur,
366 719 498 783 quorum
514 702 628 768 merito
642 703 675 768 in
688 701 854 770 celestibus
869 705 975 788 regnis
989 704 1120 789 fulgent.
1177 705 1269 775 Unde

94 813 291 900 ceperimus
319 814 645 885 misericordissimam
674 818 735 885 Dei
764 820 866 886 nostri
897 818 1187 904 longanimitatem:
1221 827 1267 908 ut,

94 949 148 994 suo
170 951 229 996 vos
251 932 356 1014 gretie
376 937 560 1018 protegens,
586 934 671 1000 sevis
695 939 727 1001 et
748 936 910 1022 prosperis
932 937 1127 1024 temporibus
1148 938 1269 1023 regalis
1312 987 1320 1016 ,

94 1051 218 1132 sceptra
239 1047 392 1114 concedet
412 1049 619 1135 perfruenda,
647 1049 783 1118 dilatans
806 1052 958 1120 terminos
981 1053 1070 1136 regni
1092 1056 1206 1137 restri3
1236 1059 1269 1124 et

94 1161 240 1228 sicionios
257 1163 345 1230 vobis
361 1163 401 1231 de
415 1164 501 1231 caelo
517 1165 637 1232 tribuet
651 1186 821 1253 omnesque
844 1167 1042 1236 adversarios
1058 1170 1172 1238 vestris
1194 1191 1269 1258 pro-

94 1281 214 1344 sternat
235 1279 395 1364 vestigiis,
422 1285 454 1348 et
476 1281 559 1348 sicut
579 1287 740 1349 terrenum
762 1284 808 1352 its
830 1289 862 1352 et
883 1285 999 1352 celeste
1023 1305 1156 1370 regnum
1178 1285 1267 1354 vobis

82 1413 147 1484 ¹per
167 1392 297 1462 infinite
319 1395 424 1464 seculo
446 1396 566 1464 tribuet
588 1400 823 1484 possidendum.
1159 1405 1163 1413 “

178 1509 267 1580 Bene
290 1511 401 1580 solete.

572 1604 785 1615 ———.

98 1721 154 1795 34.
176 1727 303 1792 Paulus
318 1727 344 1792 Ι
359 1750 449 1814 popa
462 1729 607 1816 Pippioo
629 1731 700 1816 regi
720 1729 921 1796 Francorum
943 1731 982 1798 de
1004 1731 1127 1796 duabus
1150 1735 1266 1818 episto·

178 1843 220 1908 lis
244 1845 333 1910 etde
356 1843 466 1930 legatis
489 1846 533 1910 ad
554 1866 587 1910 sc
608 1847 713 1909 missis
734 1849 857 1932 gratias
880 1849 956 1933 ogit.
996 1845 1133 1932 Legatos
1157 1850 1222 1913 dus
1246 1872 1267 1916 a

178 1959 349 2026 Desiderio
372 1981 444 2046 rege
464 1961 689 2048 postulaturos,
716 1974 752 2028 ot
771 1965 982 2048 possessiones
1006 1963 1035 2028 b.
1051 1963 1145 2028 Post
1164 1976 1265 2029 octen-

178 2088 230 2142 tae
252 2089 347 2163 atque
367 2079 498 2142 iocosae
519 2079 582 2142 sibi
602 2081 816 2144 restituantur.
858 2079 979 2164 Roget,
1005 2081 1202 2166 prospiciat,
1232 2092 1268 2146 ut

177 2214 273 2258 cuum
294 2193 358 2258 sebi
378 2193 536 2259 sincello
558 2195 742 2261 deductione
764 2194 948 2260 tribuetur&

934 2307 1022 2390 (Cod.
1042 2310 1093 2394 17,
1118 2307 1192 2376 Oen.
1210 2309 1266 2392 29)

178 2439 317 2506 Domino
346 2440 608 2508 excellentissimo
635 2439 701 2508 filio
735 2446 768 2508 et
800 2445 908 2508 nostro
943 2441 1080 2527 spiritali
1111 2444 1266 2530 compatri
1285 2461 1426 2520 tel-'166

97 2551 226 2642 Pippino
248 2557 317 2640 regi
339 2555 533 2624 Francorum
557 2562 589 2624 ot
611 2558 744 2644 patricio
767 2557 980 2624 Romanorum
1003 2555 1120 2624 Paulus
1143 2578 1236 2645 pepe.

178 2671 266 2740 Dum
288 2677 354 2740 tom
375 2673 518 2740 maxime
539 2673 630 2741 nobis
654 2674 830 2740 dilectionis
855 2671 978 2740 effectio
1002 2693 1078 2756 ergo
1091 2680 1266 2741 restrsms

98 2785 158 2854 Deo
179 2788 360 2854 institutam
382 2788 601 2856 excellentiam
623 2789 757 2874 insistit,
780 2789 820 2856 ob
843 2790 919 2873 hoc,
942 2789 1024 2854 siout
1046 2793 1132 2856 terre
1154 2790 1265 2857 sitiens

98 2901 287 2972 imbriferum
302 2904 461 2972 desideret
480 2904 731 2990 inundationem,
754 2907 802 2970 ita
820 2924 944 2990 quoque
960 2909 1083 2972 vestroe
1104 2906 1266 2992 prosperi·

99 3020 165 3086 iotis
180 3023 326 3108 cupimus
342 3021 504 3089 addiscere
518 3023 631 3088 nuntie
649 3026 680 3088 et
695 3020 734 3088 de
749 3021 864 3088 vestris
886 3020 1078 3107 profectibus
1101 3020 1264 3105 gratulari.

99 3132 130 3201 ln
149 3135 207 3204 boc
229 3137 349 3224 quippe
370 3137 472 3204 nostri
490 3137 594 3204 cordis
610 3143 658 3204 est
673 3137 797 3204 devotio
813 3135 992 3220 exultandi3
1016 3136 1092 3204 dum
1113 3135 1265 3202 nimirum

100 3250 174 3320 solus
196 3259 306 3322 vestra
325 3258 436 3322 nostru
458 3254 567 3321 existit
589 3254 752 3321 securitas.

177 3369 319 3438 Interes
341 3370 475 3437 duorum
498 3370 705 3457 epistularum
729 3370 836 3454 series,
861 3388 939 3455 quas
955 3371 1061 3434 vestre
1076 3367 1193 3434 direxit
1210 3387 1264 3434 ex·

101 3483 247 3570 ocilenda,
269 3505 341 3558 cum
357 3506 472 3570 msgno
489 3486 685 3573 suscepimus
709 3505 830 3552 amore:
854 3503 949 3550 unam
967 3483 1093 3570 quidem
1116 3483 1264 3569 primitus

101 3619 150 3686 per
162 3600 292 3670 Petrum
308 3603 448 3689 primum
464 3593 670 3687 defensorem,
692 3603 824 3668 missum
839 3595 1016 3683 nostrum¹3
1041 3605 1073 3668 et
1090 3599 1182 3666 ubam
1206 3620 1265 3687 per

102 3727 273 3802 praesentes
301 3717 501 3786 fidelissimos
529 3723 652 3787 vestros
681 3718 811 3801 missos,
834 3711 1050 3784 Widmurum²
1078 3715 1200 3784 seilicet
1232 3720 1266 3784 et

163 3893 181 3925 ι
205 3896 236 3926 a
252 3879 445 3936 corinti—28.
469 3881 575 3925 Lemma:
590 3878 661 3925 Item
678 3875 823 3937 exemplar
839 3876 986 3937 epistolae
1004 3876 1035 3922 cd
1053 3875 1183 3922 domnum
1196 3875 1263 3935 Pip-

103 3957 185 4015 pinum
204 3972 300 4018 regom
321 3971 373 4019 por
388 3957 555 4006 Witmnrum
576 3961 605 4005 et
625 3957 796 4004 (tetbertum
820 3956 943 4004 cbbntee
969 3956 1063 4016 adque
1083 3953 1264 4012 Hngbcldum

103 4035 216 4097 directe,
237 4040 265 4086 in
286 4051 342 4100 quc
361 4039 552 4085 continentur
572 4039 729 4097 grotiurum
748 4035 852 4082 leudes
873 4050 926 4097 pro
947 4035 1264 4088 exultationesenctce

104 4113 147 4164 no
164 4119 324 4176 eecleeiue;
347 4119 376 4164 ct
395 4118 568 4178 postulent,
590 4120 620 4165 ut
640 4114 851 4176 comperisti
872 4115 1023 4163 desertore
1045 4113 1159 4161 debent.

163 4221 535 4294 sumpseritne.
599 4257 604 4264 -
660 4221 686 4277 2.
705 4219 834 4278 sbbstem
853 4217 1054 4276 centulensem.
1081 4217 1117 4274 V.
1134 4213 1264 4273 lisbillon

105 4305 165 4368 dnn
175 4312 231 4370 ord.
246 4309 276 4369 S.
288 4309 395 4367 Bened.
407 4309 434 4366 11
450 4311 512 4367 207.
