3048 4934
268 269 311 334 10
686 283 806 334 counx
827 283 1021 334 mucimus

264 447 356 528 calet,
381 459 425 528 nt,
450 446 599 512 acanus
615 446 757 512 chronici
770 445 927 512 Brssscioni
945 448 1096 526 numum,
1120 444 1299 531 aunuum
1319 445 1439 514 intelli·

262 586 386 650 aeneus,
408 565 511 650 ebriae
526 565 607 628 anni
619 563 686 628 755
701 585 804 628 mense
819 562 988 628 Decembri
1001 564 1046 627 ad
1059 563 1286 628 devastandam
1302 562 1440 628 Romam

259 681 450 767 pressurum,
474 679 582 744 urbem
596 703 618 743 a
633 680 685 744 die
699 680 719 744 1
735 701 776 743 nc.
790 678 941 744 Ianuarii
961 680 1005 743 ud
1020 691 1179 744 coeuntem
1193 699 1329 744 munem
1342 679 1438 746 Mar·-

264 798 342 862 uum
365 798 597 882 oppuqnaoisee
618 817 702 860 anno
724 795 801 862 756.
847 833 848 838 κ

355 911 477 994 Quibus
495 935 533 977 ee
548 910 690 978 omnibus
704 913 877 976 necessarie
892 909 1098 990 concluditur,
1123 909 1210 996 quod
1232 909 1439 976 obsssuonern

265 1029 387 1095 Romae
401 1041 597 1094 consecutum
612 1040 665 1108 cst,
690 1027 967 1112 Lanqobardieum
983 1025 1095 1092 belluna
1115 1028 1272 1113 pommus
1287 1027 1332 1092 ad
1345 1026 1438 1092 iilum

263 1147 370 1232 ipsum
393 1165 512 1210 onnam
528 1145 596 1210 756
617 1146 782 1232 pestium.
817 1143 1023 1229 Eandemque
1043 1164 1110 1208 cern
1132 1144 1225 1208 etiam
1246 1143 1438 1229 planissima

265 1263 441 1327 matimonio
457 1261 649 1344 confirmant.
687 1259 758 1342 Quo
780 1262 816 1324 in
836 1281 949 1345 uenere
965 1271 1038 1324 sune
1053 1259 1195 1324 Annales
1212 1257 1437 1346 Souyallensss

264 1376 376 1458 (Mon.
396 1375 499 1445 Germ.
518 1376 582 1444 SS.
599 1376 624 1442 I
640 1375 706 1457 63)
728 1376 813 1442 756.-
841 1375 940 1454 „Hoc
968 1396 1052 1440 anno
1080 1377 1154 1440 dem
1178 1369 1252 1440 ceu¹
1272 1376 1437 1463 Propinas

263 1516 359 1581 super
380 1493 650 1580 Lanqcbcrdos“,·
678 1491 822 1557 Annales
843 1491 1015 1557 Moselbsni
1040 1488 1144 1571 (Mon.
1164 1489 1228 1559 SS.
1244 1491 1336 1557 XVI
1351 1490 1436 1574 495)

263 1610 344 1677 756:
369 1611 553 1698 „Pippinus
567 1610 639 1694 suit
660 1612 695 1674 in
712 1609 810 1674 Italia
832 1621 862 1673 et
875 1607 1058 1693 Haceiuifus
1079 1607 1259 1685 mortuus“,·
1283 1607 1324 1692 cf.
1341 1609 1437 1673 amn

262 1727 405 1792 Annales
427 1728 614 1807 Passieni,
642 1725 939 1806 Lauresbumensee‚
965 1724 1185 1790 Laumssensee
1211 1722 1317 1805 (Mon.
1335 1723 1442 1792 SM

263 1845 316 1923 11,
341 1843 395 1924 28,
423 1837 531 1924 140)’.

355 1959 465 2025 Omnis
488 1981 560 2023 uero
583 1980 700 2038 eorum,
726 1958 839 2044 quibua
862 1957 975 2023 bellurn
996 1957 1167 2023 seeundum
1188 1977 1273 2022 anno
1290 1955 1356 2024 755
1378 1979 1434 2043 ys·

262 2087 343 2141 anem
366 2097 430 2140 esse
444 2074 619 2156 uidebatur,
644 2097 734 2140 emor
748 2097 787 2140 ec
799 2075 1034 2161 Fredequriani
1047 2073 1189 2138 chronici
1202 2074 1437 2139 continuatione

262 2189 331 2278 (ap.
344 2179 492 2278 anquet
507 2191 637 2257 Recueil
651 2191 704 2256 des
719 2191 790 2258 aas.
804 2190 882 2273 Va)
904 2202 998 2256 nctus
1013 2201 1067 2270 est,
1092 2189 1149 2255 ubi
1164 2202 1240 2277 posi
1254 2188 1330 2255 belli
1347 2213 1435 2256 anno

260 2308 328 2373 754
342 2310 408 2374 aeti
420 2311 604 2373 munerebus
618 2310 680 2373 isra
695 2307 843 2394 lecimus.-
867 2305 1059 2391 Sequenti
1083 2324 1179 2371 anno
1197 2303 1354 2371 Aiebulius
1374 2325 1435 2372 rex

260 2420 539 2506 Langobardorum
554 2421 650 2489 fidem
665 2441 765 2507 snam,
790 2441 884 2508 quam
899 2422 967 2506 regi
981 2421 1117 2510 Pippino
1136 2421 1336 2508 promiserat,
1358 2441 1436 2508 pac-

261 2540 339 2606 catis
354 2539 541 2606 facientibus
556 2538 677 2606 fefellit„
713 2539 830 2606 Iberum
846 2539 886 2605 ad
900 2538 1032 2604 Romam
1048 2557 1119 2606 eum
1136 2537 1277 2604 exercitu
1290 2537 1434 2623 veniens,

259 2653 374 2722 finibus
389 2654 603 2722 Romanorum
625 2676 812 2742 pervagans,
837 2661 931 2742 atque
945 2655 1105 2740 regionem
1123 2653 1211 2720 iilam
1228 2659 1367 2739 suemus,
1391 2656 1435 2723 ed

260 2771 424 2840 ecclesiam
454 2772 486 2839 S.
508 2771 596 2839 Petri
624 2772 828 2858 perveniens,
860 2777 892 2838 ei
920 2772 1029 2837 domos
1060 2791 1138 2856 quaa
1165 2771 1284 2838 ibidem
1312 2772 1435 2858 reperit

259 2889 398 2956 maxime
420 2889 493 2973 igne
516 2859 736 2956 concionavit.
778 2887 864 2955 Haec
885 2885 1040 2974 Pippinue
1062 2907 1119 2954 rex
1148 2907 1219 2954 cum
1247 2908 1306 2975 per
1332 2889 1433 2956 intar-

259 3005 385 3072 nuntios
409 3005 558 3088 audisset,
587 3004 721 3070 nimium
743 3003 849 3070 brrore
871 3008 904 3070 et
926 3005 975 3070 ira
996 3009 1111 3089 motus,
1135 3009 1291 3072 commoto
1313 3005 1432 3072 iterum

258 3123 344 3189 omni
367 3121 507 3188 exercitu
530 3117 750 3187 Francorum“
775 3134 829 3188 cet.
871 3120 937 3188 Sed
963 3121 1046 3187 nibil
1073 3125 1213 3209 aponus
1243 3137 1302 3206 eea,
1333 3147 1433 3211 quens

257 3243 515 3320 continuatorem,
541 3261 612 3304 cum
630 3241 793 3324 „sequenti
811 3238 918 3304 enno“
933 3238 999 3304 755
1021 3251 1102 3304 recte
1123 3240 1281 3307 tribuisset
1302 3243 1432 3308 inicium

256 3356 600 3438 neocesariensium,
625 3356 665 3421 ab
689 3357 803 3420 endem
823 3377 872 3420 res
893 3367 997 3441 aestus
1013 3359 1093 3420 anni
1106 3355 1172 3422 756
1195 3379 1258 3423 non
1281 3361 1359 3424 eutis
1381 3381 1430 3424 se-

257 3475 397 3539 crevisse.
443 3473 487 3538 Es
518 3495 609 3554 sone,
646 3471 805 3558 quidquid
833 3471 985 3558 protulit,
1020 3473 1113 3538 buius
1141 3476 1236 3539 unius
1264 3477 1431 3563 scriptores

257 3592 384 3656 omnino
403 3611 522 3678 parum
545 3603 686 3676 sempera
704 3589 924 3674 distinquentis
946 3592 1118 3656 auctoritas
1142 3591 1288 3662 obsistere
1308 3603 1355 3658 tor
1376 3615 1430 3658 au·

253 3717 472 3791 camentorum
493 3705 622 3771 illorum
644 3707 842 3772 consensioni
862 3727 927 3770 non
943 3717 1056 3792 potest.

328 3970 352 4025 1.
371 3969 411 4025 eie
428 3974 473 4025 aab
490 3969 518 4026 in
536 3969 597 4040 ipso
615 3969 753 4024 annalium
772 3969 866 4026 codiee
884 3967 913 4024 S.
926 3967 998 4025 Galli
1016 3971 1076 4026 124.
1171 3972 1197 4026 2.
1216 3969 1248 4027 In
1266 3971 1326 4028 aliis
1344 3987 1429 4028 anna·

253 4057 325 4114 libus
343 4057 470 4113 videmus
489 4073 623 4114 unacum
641 4058 779 4113 variorum
803 4073 935 4114 annorum
958 4057 1041 4114 rebus
1063 4059 1125 4116 loco
1147 4075 1198 4115 suo
1220 4060 1302 4116 mutis
1319 4061 1428 4133 Lange

253 4145 395 4203 burdinum
418 4146 518 4202 bellum
544 4145 694 4203 secundum
719 4145 892 4216 apertissimo
915 4145 1083 4202 librariorum
1102 4148 1170 4204 vitio
1190 4147 1304 4205 relatum
1326 4156 1377 4207 aaa
1392 4149 1428 4206 ad

254 4253 279 4291 n.
292 4236 345 4292 755
363 4239 400 4302 (v.
415 4235 536 4292 Annales
554 4235 734 4306 Alamannici,
753 4233 969 4307 Guelferbytani,
988 4237 1141 4308 Nuceriam,
1159 4235 1354 4308 sangallenses
1372 4217 1430 4296 md·

252 4326 339 4395 iores,
357 4325 430 4381 Mon.
444 4324 535 4380 Germ.
549 4323 624 4381 SS.I
642 4326 686 4398 28,
705 4325 748 4397 29,
769 4327 818 4394 74)
842 4330 891 4382 aut
911 4325 947 4382 ad
965 4342 991 4383 a.
1005 4327 1056 4383 757
1075 4328 1119 4395 (s.
1133 4327 1206 4382 Ann.
1219 4326 1248 4384 S.
1261 4327 1383 4386 Amandi
1399 4333 1428 4386 at

252 4412 454 4486 Laubaeenaes,
472 4413 565 4471 ibid.1
582 4415 636 4482 10).
