3048 4934
257 253 279 320 6
680 267 798 318 cortex
820 265 1015 316 eunomus

258 433 350 512 dicit,
375 431 433 517 qui
453 431 590 510 monuit,
616 431 682 494 eice
704 431 770 494 ciue
794 430 852 514 qui
872 430 917 494 ad
937 435 1132 515 praecocem
1153 438 1285 494 mutem
1304 448 1434 492 cernan-

257 550 313 629 eit,
334 569 409 614 -non
435 547 557 610 modice
586 557 679 611 aucta
708 567 790 625 eece,
819 557 923 610 temen
945 546 1126 631 concubendi
1149 543 1313 610 illecebrae
1334 563 1435 629 utque

258 684 384 750 quoque
405 664 538 727 micanti
551 673 639 728 tanto
654 661 783 744 firmiue
799 661 984 728 cleietebam
992 655 1011 742 ¹,
1035 673 1154 747 quanto
1177 664 1282 726 minue
1305 671 1368 726 tute
1390 661 1436 726 aei

256 801 348 846 tuom
373 781 600 866 proprietatem
627 779 664 842 id
690 777 851 844 ecribendi
875 799 974 863 oenoe
999 778 1110 842 reduci
1136 789 1253 863 potmt,
1284 777 1370 864 quod
1392 775 1434 842 ab

258 895 401 962 mnnibm
415 894 490 979 fere
510 897 791 979 orommatieorum
812 895 988 980 praeceptio
1010 893 1187 960 abhorreat.

346 1011 431 1078 Erat
452 1022 557 1076 autern
578 1010 692 1074 larum
715 1010 919 1096 epietolarum
941 1010 985 1074 col
1007 1031 1132 1075 mercum
1155 1012 1304 1096 tmepcrie
1322 1011 1434 1096 diepo-

257 1129 436 1194 nendarum
457 1147 579 1192 camma
601 1126 783 1211 difficultas.
817 1126 944 1192 Etenim
960 1127 1018 1210 qui
1031 1123 1180 1192 wGarolc
1196 1127 1317 1213 Maqno
1340 1149 1434 1192 mau-

259 1247 368 1311 datum
380 1243 556 1329 summulae
576 1243 765 1308 collectionis
789 1253 960 1329 acceperat,
984 1243 1012 1306 ie
1034 1263 1140 1308 rer-nun
1160 1255 1322 1328 acutarum
1344 1243 1434 1310 ordi·

258 1383 329 1426 nem
343 1373 410 1428 tam
430 1361 528 1446 panni
541 1380 600 1423 cua
615 1361 762 1424 intereeee
777 1361 975 1439 aetenum,
998 1371 1035 1424 ut
1051 1371 1081 1425 et
1095 1361 1235 1424 omnium
1257 1359 1436 1426 litterarum

258 1476 417 1543 clanculae
440 1475 604 1542 ementem
627 1475 747 1542 tolleret
767 1477 920 1541 radietur
944 1487 972 1540 et
994 1487 1192 1540 coacervatae
1215 1477 1343 1562 quidem
1364 1478 1434 1542 ein-

255 1594 405 1680 oulorum
425 1614 587 1679 poparum
602 1591 751 1677 epe'etolae
766 1591 821 1658 ced
839 1593 1014 1678 permietoe
1029 1603 1132 1658 tamen
1148 1593 1308 1678 proderet.
1345 1591 1436 1658 Unde

249 1708 378 1795 factum
393 1721 447 1789 cet,
470 1721 506 1774 ut
520 1707 760 1774 inaeetltnalilm
775 1708 868 1774 leuiue
885 1710 988 1794 operte
1009 1710 1147 1794 pretium
1167 1711 1354 1794 oracieeimc
1370 1711 1434 1776 im-

257 1829 465 1902 minueretur3
493 1847 568 1890 nom
593 1825 785 1890 indiciorum
807 1823 936 1888 illorum
957 1836 1023 1890 tam
1046 1836 1200 1890 certorum
1221 1837 1346 1912 tamque
1368 1829 1434 1892 uei-

259 1943 337 2008 lium
359 1942 578 2008 detrimentum
599 1940 649 2005 uel
664 1942 909 2026 ecquieitieeima
924 1941 1069 2006 doctrina
1085 1944 1359 2030 umnmueimoque
1380 1945 1435 2008 iu·

256 2059 346 2145 qenii
365 2059 509 2124 acumine
530 2079 569 2122 no
590 2058 756 2121 minimum
779 2057 905 2142 quidem
926 2060 1104 2124 recurrerit.

346 2173 401 2240 Ec
422 2175 623 2260 etmeriomrm
650 2173 822 2239 editionum
850 2173 1030 2239 auctoribus
1058 2174 1201 2240 ordinem
1228 2175 1436 2262 comtolarum

258 2291 459 2374 reficiendum
480 2291 629 2376 inprimit
645 2291 707 2354 duo
725 2301 935 2376 euecepenunt,
959 2291 1120 2356 Martium
1135 2291 1285 2378 Bouquet
1298 2304 1327 2358 et
1341 2291 1435 2359 Caie-

259 2419 351 2474 tunm
367 2404 473 2474 Ceroni-
511 2403 655 2486 Quorum
674 2408 768 2492 prior
783 2407 821 2472 de
836 2406 895 2472 lac
909 2428 943 2472 re
959 2429 1024 2472 non
1042 2409 1151 2494 potine
1173 2409 1328 2476 iudicium
1349 2413 1436 2476 oeric

258 2525 451 2610 arqummtio
475 2521 691 2604 confimnutum
714 2545 809 2608 quam
826 2523 993 2588 arbitrium
1008 2520 1126 2590 Cointii
1147 2537 1175 2590 et
1189 2525 1291 2612 Paqii
1310 2537 1435 2594 emmae
1515 2565 1516 2574 κ

258 2652 317 2722 eet,
346 2641 504 2727 posterior
527 2640 644 2704 ecimio
672 2661 742 2704 cum
770 2662 848 2705 cura
876 2651 906 2705 et
931 2640 1091 2706 ineluetria
1117 2643 1229 2706 eeriem
1257 2641 1437 2710 litterarum

258 2768 429 2836 eorntatue,
466 2757 524 2822 etei
549 2755 650 2820 multa
678 2755 753 2822 bene
780 2757 862 2822 uidit
888 2768 993 2822 tamen
1018 2777 1112 2843 caepe
1138 2760 1233 2824 inani
1257 2761 1436 2847 vitiosoque

258 2874 362 2940 emedio
391 2885 492 2938 motuo
520 2893 611 2938 uerae
638 2873 827 2958 coynitionie
856 2871 955 2938 lineae
981 2871 1152 2938 traueiluit.
1194 2872 1236 2940 In
1262 2875 1321 2941 loc
1349 2880 1437 2944 enim

253 2991 456 3076 potn'eeimum
475 2989 632 3076 peccandi
645 3011 759 3074 qenere
772 2989 955 3054 vertebatur
970 2983 1133 3071 Conniuo¹,
1157 3001 1203 3071 ut,
1227 2992 1436 3060 obecuraeum

257 3129 363 3172 rorum
390 3107 575 3192 impatiene,
610 3106 730 3170 incerta
762 3126 823 3191 pro
858 3105 1117 3191 ccplorotebeimie
1147 3107 1258 3174 baberi
1285 3109 1375 3176 uellet
1404 3123 1437 3178 et

258 3245 379 3290 munem
402 3221 578 3309 mucclam,
602 3233 768 3306 utcumque
784 3219 904 3308 temper
926 3224 991 3288 eiue
1011 3223 1223 3309 ionorarctur,
1247 3227 1292 3290 cd
1314 3239 1436 3294 certum

257 3351 361 3406 tamen
384 3359 504 3405 omnum
524 3349 700 3414 revocarem
722 3338 805 3404 celat
827 3361 946 3403 annum
963 3337 1030 3405 786
1052 3341 1201 3426 acccipeit
1222 3343 1373 3428 epistolae
1387 3345 1435 3410 95

258 3456 295 3521 ol
320 3478 388 3521 eom
402 3458 539 3522 nmeime
552 3477 682 3520 caueam
697 3456 811 3521 dieerte
824 3448 1032 3543 appoeitam⁸,
1057 3478 1118 3536 „ne
1140 3457 1278 3546 ampliat
1300 3473 1437 3548 ruamur

257 3585 395 3659 tempore
415 3571 565 3637 incerto“.

217 3666 224 3680 ’
348 3687 389 3753 In
412 3687 461 3752 lom
483 3690 583 3774 iqitm
610 3685 924 3774 peruectibationilue
946 3711 968 3752 a
989 3710 1038 3754 me
1059 3689 1159 3756 muba
1187 3713 1286 3779 opera
1312 3696 1432 3779 potita,

258 3826 329 3870 cum
349 3803 499 3892 epistolae
514 3825 593 3869 noco
609 3805 702 3870 mocio
719 3805 951 3886 ordinarentur,
976 3806 1175 3892 uinculorum
1197 3807 1435 3876 collocationem

257 3922 293 3986 in
315 3919 572 3988 adnotationibue
595 3919 737 4007 probare
764 3943 829 3987 non
850 3921 1054 4008 mealmelam
1095 3923 1161 3990 Sed
1181 3925 1355 3992 nonnullae
1376 3951 1433 3994 ra·

332 4131 355 4184 1.
373 4130 469 4200 paucis
487 4130 555 4186 locis
573 4129 711 4200 exceptis,
735 4129 784 4186 ubi
808 4129 969 4188 menifestnc
991 4131 1160 4190 librationem
1182 4136 1356 4206 corruptelae
1377 4155 1434 4196 nou

257 4215 415 4287 ambiguam
434 4218 651 4275 emendationem
671 4218 854 4290 requierebant
942 4223 967 4277 2.
987 4221 1065 4279 cuiue
1083 4224 1239 4280 auctoritati
1257 4224 1285 4280 in
1302 4225 1434 4297 choetie

256 4305 418 4378 pontificum
437 4307 619 4364 Romanorum
642 4310 803 4379 plerumque
821 4309 962 4366 cedebam.
1052 4313 1084 4368 be
1096 4313 1132 4370 V.
1149 4313 1327 4370 Monumeute
1345 4315 1433 4373 domi-

257 4393 376 4449 nationis
392 4393 489 4465 pontii.
507 4396 540 4452 T.
553 4397 567 4452 1
583 4413 611 4467 p.
624 4397 676 4453 467
695 4414 722 4452 n.
735 4399 761 4452 2.
