3048 4934
495 313 614 364 oonnx
636 314 830 365 oenomaus
1230 302 1251 368 9

2 523 3 574 1
75 473 178 554 nans)
193 473 357 540 obsidione
375 477 537 562 presserit,
563 489 591 542 et
605 477 768 564 Pippinas'
784 477 1028 564 Lanpobandioo
1046 479 1125 546 bello
1142 494 1251 568 poste·

75 592 159 655 aare
179 590 321 678 frepna't
341 591 529 676 Aistaisam,
554 595 643 678 isque
665 593 769 658 sobaba
791 607 890 660 mone
913 597 1081 661 aestinatae
1103 599 1153 662 sit.

163 707 212 772 As
233 730 297 794 qao
320 711 469 795 temporis
491 712 596 796 spatio
614 709 775 795 Aismifns
797 713 985 796 rapsaces-it,
1011 715 1098 777 omni
1118 735 1250 778 accasa-

2 895 3 898 Ἴ
76 825 158 888 tione
181 827 336 890 traditam
362 837 407 890 est
433 827 468 889 in
492 823 644 890 Cbronico
668 826 835 891 Beieiensi
861 825 970 906 (Mon.
990 825 1094 895 Germ
1112 827 1176 896 88.
1194 828 1257 894 III

75 939 157 1020 239)
179 941 231 1005 bio
254 939 373 1005 sabb:
402 939 495 1004 Anno
518 939 744 1006 incarnationis
767 941 886 1006 domini
915 943 1016 1008 nostri
1039 943 1110 1010 Iesu
1132 941 1251 1010 Christi

77 1057 202 1120 749
228 1055 351 1142 accepit
372 1075 502 1138 ragnum
525 1053 782 1140 Langobardioac
806 1058 909 1141 gentis
932 1059 982 1125 vir
1004 1059 1250 1143 gloriosissimas

74 1170 234 1238 Aistnlius
256 1192 314 1238 rer
336 1173 369 1237 in
393 1192 501 1238 menso
523 1168 640 1238 Inlio¹
662 1172 833 1240 indictione
852 1177 871 1238 2
969 1173 1041 1241 Non
1062 1175 1156 1260 longa
1178 1181 1251 1262 post

75 1287 143 1372 ipss
176 1287 337 1354 Aistalfus
370 1307 427 1354 rer
465 1287 552 1353 obiit.
599 1285 856 1374 Gubcmavitque
881 1290 1051 1376 ‚palacium
1085 1293 1251 1361 Ticincnsa

76 1401 221 1488 Rstabis‚
256 1403 411 1488 gloriosus
445 1424 613 1488 germanus
648 1405 715 1471 eius
744 1441 785 1452 -
814 1426 834 1472 a
860 1405 1094 1474 Decembrio
1128 1429 1251 1495 usqne

76 1519 273 1586 Martium.
315 1521 351 1587 In
378 1541 487 1587 mense
515 1542 590 1587 vero
620 1519 767 1588 Martio
797 1524 937 1610 suscepit
963 1544 1095 1608 ragnum
1125 1523 1250 1610 Lango-

76 1635 246 1703 bardorum
271 1637 320 1702 vir
347 1636 592 1721 gloriosissimus
615 1637 799 1704 Desiderins
825 1660 882 1705 rer
911 1659 993 1706 anno
1022 1639 1250 1708 incarnationis

76 1751 206 1819 Domini
232 1755 295 1820 757
318 1753 490 1820 indictione
516 1755 565 1819 70.
607 1755 660 1820 Ea
683 1777 745 1841 qao
773 1757 910 1843 intellipn‘
935 1757 1036 1838 debet,
1061 1755 1249 1843 dimisum,

77 1893 145 1936 eam
172 1893 280 1936 mense
308 1870 393 1937 Iulio
414 1873 487 1938 ‘749
518 1894 663 1958 praeesse
691 1871 915 1958 Lanpobardis
949 1875 1115 1960 coepisset,
1148 1895 1252 1940 merus

77 1987 287 2053 Decembri
308 2011 338 2052 a.
359 1987 438 2053 756
460 1989 607 2053 desivisse
629 1983 758 2052 vicere'.

167 2103 350 2190 Stephanae
365 2103 428 2170 III
447 2125 570 2190 qaoque
590 2127 680 2192 papa
699 2107 735 2170 in
750 2104 883 2191 epc'stola
899 2105 940 2171 11
957 2107 996 2170 de
1011 2105 1153 2192 Asbtalso
1176 2105 1252 2172 baca

77 2221 225 2306 motulis:
253 2219 291 2285 ln
313 2219 394 2306 ipsis
417 2218 535 2306 quippe
558 2219 678 2303 diebus,
703 2219 816 2305 quibus
838 2219 921 2286 hanc
943 2219 1117 2286 Romanam
1140 2221 1251 2289 urbem

79 2334 306 2402 devastandam
329 2335 531 2422 proiectus
555 2340 631 2419 ast,
654 2342 729 2422 post
745 2337 820 2403 anni
842 2337 938 2424 spatii
961 2336 1113 2413 circulum
1135 2337 1182 2404 ita
1204 2339 1252 2405 di·

79 2451 150 2518 vino
173 2471 327 2518 mucrona
355 2471 522 2537 percussus
552 2457 614 2536 est,
644 2457 680 2518 nt
706 2453 848 2539 profecto
874 2452 908 2519 in
932 2472 968 2518 eo
991 2457 1149 2540 tempore,
1178 2475 1251 2540 qno,

79 2567 170 2634 iidem
186 2587 278 2634 snam
294 2573 463 2656 temptans,
486 2569 612 2635 divorsa
633 2569 751 2654 piaculi
773 2569 893 2636 scelera
914 2575 1115 2657 perpetratus
1136 2575 1194 2655 est,
1216 2571 1252 2636 in

80 2703 116 2750 eo
137 2705 229 2751 snam
252 2685 384 2771 impiam
407 2683 513 2752 finiret
527 2685 635 2753 vitam.
671 2686 793 2774 Itaque,
819 2709 889 2752 aem
910 2689 981 2773 apso
1000 2690 1051 2752 die
1067 2689 1085 2754 1
1102 2687 1254 2754 Ianuarii

81 2803 258 2868 setonam
282 2803 404 2868 Ιῦωηαο
425 2803 616 2868 obsidionem
638 2806 773 2870 scientos
792 2804 991 2891 proindeque
1010 2803 1188 2888 Aismlsam
1210 2806 1251 2871 ii-

82 2931 173 3004 queat
199 2921 267 2985 iam
294 2943 398 2985 nense
420 2919 628 2986 Decembri
655 2921 864 3000 „Romanam
891 2888 999 2985 siriam
1026 2921 1253 2986 devastandam

80 3035 306 3121 profectam
333 3037 430 3118 esee“‚
460 3023 619 3122 {Stephani
634 3036 697 3102 III
713 3037 824 3102 relano
847 3057 912 3102 non
934 3037 1027 3102 modo
1050 3036 1253 3102 Decembrem

82 3173 262 3239 massam
289 3155 426 3219 maedam
452 3155 537 3238 repis
564 3175 699 3218 numam
728 3152 925 3234 corroborat,
960 3175 1069 3218 omnm
1096 3153 1190 3218 mem
1216 3173 1252 3218 eo

150 3285 175 3338 1.
194 3284 227 3338 ln
239 3281 383 3339 mianton
401 3282 429 3338 8.
443 3281 571 3338 Andreae
589 3283 715 3338 monachi
733 3282 861 3340 chronico
878 3283 961 3350 (Mon.
973 3283 1065 3340 Germ.
1078 3281 1177 3338 88777
1188 3283 1253 3350 703)

84 3369 189 3428 Aistnlti
207 3372 288 3428 initia
305 3371 340 3428 ad
358 3387 479 3428 mensam
497 3372 629 3428 Iuniam
648 3369 810 3428 referuntur.
894 3374 919 3427 2.
938 3369 1087 3428 ansulfum
1106 3372 1188 3427 etiam
1207 3371 1252 3428 dia

85 3461 116 3515 25
128 3460 188 3516 Oct.
202 3461 255 3517 756
273 3463 301 3516 in
319 3462 378 3516 vita
395 3460 493 3532 fuisso,
511 3460 632 3516 ostendit
650 3459 744 3516 tabula
762 3477 805 3533 ap.
819 3461 912 3532 Troya
930 3461 1031 3516 codice
1049 3459 1113 3530 dipl.
1127 3461 1252 3531 Longob.

84 3549 119 3606 lv
134 3566 162 3621 p.
176 3551 239 3606 625.
253 3580 287 3590 -
305 3551 442 3620 Regnavit
464 3549 547 3620 iffl'tur
564 3548 701 3606 Aistuiius
719 3566 744 3604 a.
763 3565 857 3606 menso
875 3551 944 3606 Iulio
963 3551 1015 3604 749
1034 3549 1069 3604 ad
1088 3567 1124 3606 m.
1136 3550 1252 3606 Decem·

84 3636 156 3694 brem
174 3640 243 3710 756,
267 3639 320 3696 boo
343 3645 385 3695 est
403 3655 490 3694 annos
508 3641 524 3694 7
543 3644 697 3694 atinenses
716 3637 773 3694 iere
790 3640 817 3695 b.
851 3639 946 3709 Neque
963 3653 1030 3695 vero
1052 3637 1105 3694 hoa
1121 3641 1253 3711 temporis

86 3727 198 3798 spatium
217 3733 345 3784 mannate
363 3734 551 3798 computatam
569 3735 613 3784 est
630 3729 682 3784 nisi
694 3728 819 3784 earnalia
832 3727 966 3784 Chronico
978 3727 1149 3784 Salernitana
1169 3730 1252 3790 (Mon.

87 3817 172 3874 Geron.
183 3817 284 3874 88777
295 3819 359 3884 475)
378 3818 430 3872 sic:
452 3815 613 3890 „Aystnline
630 3833 678 3873 rex
691 3848 724 3858 -
737 3818 864 3887 regnarit
881 3819 996 3873 annosi
1014 3833 1123 3873 menses
1135 3817 1178 3874 5“.
1210 3819 1252 3874 Da

87 3908 184 3977 reliquo
207 3905 395 3963 attribuuntur
412 3906 501 3962 eidem
520 3907 579 3976 regi
597 3907 660 3962 anni
679 3907 696 3962 5
714 3911 743 3961 et
760 3921 869 3962 menses
887 3907 904 3962 6
926 3907 954 3962 in
973 3905 1107 3962 Chronica
1124 3905 1152 3962 S.
1165 3907 1252 3962 Bena-

88 3995 149 4050 dioti
169 3997 257 4063 (bion.
271 3994 321 4052 88.
333 3995 373 4051 777
392 3997 475 4068 200);
498 3996 562 4051 anni
581 3997 597 4050 7
615 3996 644 4050 in
661 3997 788 4065 catalogo
805 4011 901 4066 regum
914 3996 1022 4052 Veneto
1043 3995 1128 4062 (tion.
1141 3994 1253 4051 88777

89 4085 147 4156 38);
168 4086 231 4140 anni
249 4087 267 4140 8
284 4085 313 4139 in
332 4083 440 4140 dnobus
459 4083 591 4154 catalogis
610 4084 697 4150 (Mon.
710 4083 759 4140 88.
772 4085 812 4140 777
829 4086 882 4140 278
900 4089 929 4140 et
946 4085 1015 4151 872)
1034 4089 1062 4138 ot
1079 4083 1108 4139 in
1125 4083 1253 4140 Andreas

89 4173 253 4244 Bergommb
271 4173 401 4230 chronico
419 4173 494 4240 (ibid.
506 4175 546 4229 111
560 4175 638 4246 233);
657 4175 721 4230 enni
739 4175 756 4230 8
774 4179 803 4228 et
821 4189 929 4229 menses
947 4173 965 4228 6
983 4173 1011 4227 in
1029 4172 1156 4242 catalogo
1169 4171 1252 4229 Obro-

88 4235 164 4318 fflcon
180 4262 380 4320 Salernitannm
399 4262 581 4332 praecedente
599 4262 675 4342 (ibid.
687 4264 766 4336 470);
788 4263 851 4318 anni
870 4263 887 4316 9
905 4262 933 4316 in
951 4261 1076 4331 catalogo
1093 4261 1253 4318 Pistoriensi

90 4349 196 4416 (Bsinsii
213 4353 390 4410 Miscellanaa
407 4351 450 4407 ed.
463 4351 552 4408 bisnei
569 4352 582 4407 7
599 4353 682 4422 434);
703 4351 886 4424 „Aistulphns
904 4351 1032 4420 regnavit
1048 4367 1073 4406 a
1087 4352 1118 4422 9;
1142 4350 1253 4421 qnando

91 4437 158 4512 obiit,
175 4449 233 4498 erat
250 4441 383 4512 ind.10“,
402 4444 432 4496 et
448 4441 476 4497 in
495 4441 620 4512 catalogo
638 4441 686 4510 qrri
704 4446 747 4495 ost
764 4441 792 4496 in
810 4441 882 4500 Mon.
895 4439 987 4498 Germ.
1000 4437 1049 4496 88.
1062 4439 1102 4496 777
1119 4441 1181 4496 873.
