3048 4934
272 197 314 268 16
622 211 739 262 conna
761 211 966 262 concensus.
1000 207 1088 260 aaa

199 381 252 438 ‘lto
260 377 403 464 jerioth,
433 388 463 442 et
490 377 625 442 eseam
646 374 865 450 Fraaoommr
895 385 924 439 et
950 376 981 440 ιι·
1007 372 1127 453 colent,
1159 372 1309 438 amovent
1330 392 1385 436 coa
1413 377 1442 436 et

270 507 382 560 meant
402 494 442 560 de
463 515 561 558 amaa
582 503 702 558 cocao.
742 488 768 556 0
792 508 888 575 quam
909 486 1095 556 insanabilis
1118 485 1208 554 dolor
1233 505 1292 573 pro
1314 485 1364 552 his
1387 505 1442 552 ex-

269 606 528 697 probracionibus
551 607 586 674 in
611 612 719 674 nostro
750 604 903 672 retinetur
929 611 1072 692 pectore,
1101 603 1176 670 dum
1198 601 1278 670 tales
1302 621 1340 670 ac
1361 599 1442 668 tanti

268 723 326 790 filii
349 744 438 791 suam
462 722 638 811 spiritalem
660 727 794 788 matrem
817 727 960 787 sanctam
980 720 1041 788 Dei
1064 719 1210 787 eclesiam
1234 719 1364 806 eiusque
1386 737 1442 806 po·

269 840 380 928 pulum
402 838 594 928 peculiarem
617 857 679 905 uon
703 844 858 907 conantur
879 836 1057 906 defendere.
1124 829 1245 902 Potens
1264 841 1323 920 est,
1346 834 1443 901 caris·

270 957 349 1025 sime
364 955 420 1042 fili,
443 957 513 1044 ipse
531 957 678 1044 princeps
696 955 920 1044 apostolorum,
943 973 1035 1042 oper
1050 975 1069 1020 a
1084 953 1170 1020 Deo·
1186 951 1247 1020 sihi
1262 945 1443 1018 concessam

270 1078 476 1161 potestatem:
500 1093 592 1140 suam
606 1071 773 1140 defendere
789 1073 917 1140 domum
939 1076 973 1139 et
994 1069 1147 1159 populum
1171 1067 1372 1156 peculiarem,
1395 1075 1443 1135 at-

272 1209 333 1275 que
355 1189 394 1257 de
415 1190 552 1256 inimicis
576 1189 652 1257 dare
673 1189 855 1258 vindictam.
897 1187 961 1257 Sed
988 1187 1129 1255 fidebam
1156 1185 1294 1252 liliorum
1321 1190 1443 1252 mentes

271 1305 395 1392 probat.
593 1387 594 1390 Ἴ

360 1421 432 1490 Νοιι
454 1421 575 1506 credas,
598 1421 653 1506 fili,
676 1421 829 1490 falsidicis
852 1420 1105 1506 suggestionibus
1120 1438 1157 1486 ac
1171 1417 1369 1486 suasionibus
1392 1437 1444 1485 co-

272 1538 405 1606 rundem
427 1558 547 1622 regum.
584 1538 698 1606 Omnia
721 1539 805 1606 enim
819 1538 899 1605 false
915 1538 973 1606 tibi
989 1542 1169 1622 suggerunt,
1194 1535 1366 1603 scribentes
1383 1533 1445 1600 cir-

271 1655 522 1722 cumventiones:
551 1655 635 1740 quod
658 1655 749 1742 quasi
776 1654 914 1740 aliquam
937 1654 1063 1741 culpam
1085 1654 1286 1720 commissam
1309 1651 1446 1718 habeant

272 1772 318 1840 sis
345 1791 455 1838 eorum
483 1771 593 1856 duces,
626 1771 660 1838 id
688 1777 738 1839 est
765 1767 986 1859 Spolentiuns¹
1014 1776 1046 1838 et
1073 1765 1340 1838 Beneventanus¹.
1382 1767 1446 1834 Sed

272 1889 379 1954 omnia
400 1887 565 1954 mendacia
587 1892 670 1954 sunt.
706 1887 777 1955 Non
801 1888 885 1955 enim
908 1907 965 1974 pro
982 1887 1043 1954 alio
1061 1923 1099 1934 —
1119 1887 1294 1954 satisfaciat
1316 1890 1347 1952 te
1362 1885 1448 1953 rori·

272 2009 333 2087 tas,
355 2003 401 2070 lili
417 2039 458 2050 —
476 2004 603 2071 eosdem
626 2003 720 2072 duces
743 2005 944 2092 persequitur
965 1997 1106 2090 capitum
1126 2003 1189 2070 nisi
1212 2021 1271 2090 pro
1290 2023 1337 2087 eo,
1361 2001 1446 2088 qnod

272 2119 441 2188 noluerunt
458 2120 631 2208 praeterito
647 2117 748 2188 anno⁸
764 2122 803 2188 do
818 2122 884 2188 suis
899 2120 1042 2207 partibus
1060 2140 1155 2208 super
1178 2139 1236 2186 nos
1258 2119 1386 2186 inruere
1403 2124 1447 2202 et,

345 2357 366 2391 a.
389 2343 545 2404 apostolorum
561 2357 632 2406 opera
647 2343 677 2392 dd
693 2361 714 2392 a.

348 2468 371 2522 t.
391 2465 598 2522 Trasimuudus.
677 2467 702 2522 2.
722 2464 916 2522 Godesealcus.
997 2465 1024 2520 3.
1042 2481 1068 2520 c.
1082 2465 1143 2520 739.
1168 2463 1228 2530 Quo
1246 2463 1356 2534 quidem
1375 2477 1449 2520 anuo

272 2559 383 2628 propter
400 2555 612 2610 Trasimundum
633 2555 731 2611 ducam
750 2572 767 2610 a
785 2554 953 2624 Liutprando
971 2569 1037 2624 rege
1057 2553 1184 2624 ,ablatas
1208 2568 1269 2608 esso
1288 2568 1305 2608 a
1323 2553 1449 2609 Romam

273 2645 375 2699 ducatu
392 2643 559 2699 civitates
576 2647 736 2714 quatuor,
755 2641 783 2698 id
797 2648 839 2698 est
848 2643 967 2712 Ameria,
980 2643 1090 2709 Hortus,
1100 2641 1286 2697 Polimartium
1299 2647 1328 2696 et
1339 2641 1448 2712 Blera“,

273 2733 448 2802 intelligimus
461 2733 551 2789 eVita
563 2732 711 2788 Zachariae
723 2731 784 2804 l.l.;
803 2732 981 2802 eiusdemque
999 2732 1038 2786 rei
1057 2731 1222 2786 documento
1240 2736 1291 2800 est,
1310 2745 1382 2800 quae
1401 2731 1448 2786 da·

273 2826 384 2892 sumpta
400 2837 437 2877 ex
454 2821 600 2876 cardinalia
614 2821 768 2876 Deusdsdit
786 2821 944 2878 collectione
960 2834 1095 2876 canonum
1114 2820 1191 2887 (cod.
1201 2821 1291 2877 Vatia.
1304 2817 1393 2887 3833)
1411 2821 1449 2876 lo-

272 2912 347 2981 gitur
364 2927 408 2982 ap.
422 2910 566 2966 Fontanini
584 2911 626 2966 De
645 2910 853 2982 antiquitatibus
871 2911 974 2966 Hortae
993 2911 1107 2978 (Romae
1124 2911 1204 2976 1708)
1223 2927 1249 2978 p.
1263 2910 1316 2964 385
1334 2915 1364 2965 et
1381 2911 1449 2965 Zac-

273 3000 353 3070 cagui
365 3000 438 3055 Diss.
452 2999 487 3054 dc
505 3000 671 3069 apostolicae
690 3000 764 3054 sedis
782 3000 896 3070 imperio
913 3000 941 3054 in
957 2997 1052 3054 urbem
1066 2997 1186 3054 comacli
1204 2999 1295 3066 (1709)
1315 3014 1379 3069 app.
1392 3000 1449 3070 p.1

272 3090 390 3160 epistola
402 3087 527 3158 Gregorii
537 3088 576 3142 llI
589 3087 633 3142 die
647 3089 681 3143 15
694 3088 753 3144 Oct.
764 3089 814 3144 ‘141
829 3089 894 3144 data
906 3088 986 3142 haec:
1025 3087 1191 3159 ,Gregorius
1203 3085 1330 3142 omuibus
1342 3088 1450 3158 episco-

271 3179 315 3249 pis
333 3178 361 3234 in
373 3177 477 3232 Tuscia
487 3175 740 3246 Langobardorum.
795 3177 918 3234 Meminit
929 3175 1049 3232 fraterna
1060 3178 1193 3232 sauctitas
1205 3181 1306 3246 vestra,
1324 3182 1451 3247 tempora

271 3267 451 3324 ordinationis
474 3281 541 3322 snae
564 3281 615 3336 per
639 3265 848 3338 chirographum
873 3272 902 3322 et
926 3266 1090 3322 sacramenti
1107 3265 1246 3322 vinculum
1264 3265 1349 3326 beato
1366 3267 1451 3322 Patro

272 3357 388 3428 principi
405 3357 590 3426 apostolorum
610 3356 803 3427 spopondisse,
827 3362 858 3411 ut
880 3357 909 3411 in
932 3353 1135 3425 emergentibus
1153 3359 1266 3410 sauctae
1284 3355 1343 3410 eius
1362 3356 1451 3410 eccle-

273 3445 330 3501 siae
347 3445 413 3500 totis
431 3443 535 3500 viribus
554 3443 709 3500 elaboretis.
739 3443 835 3514 igitur,
859 3445 924 3514 quia
940 3449 1100 3514 praesentes
1118 3443 1192 3499 visos
1211 3444 1389 3500 anastasium
1407 3443 1453 3499 di-

272 3533 373 3589 lsctum
384 3531 470 3588 hlium
482 3537 606 3590 nostrmu
619 3532 809 3605 presbyterum
825 3538 855 3589 et
866 3533 1040 3588 Adeodatum
1053 3533 1236 3603 regionarium
1248 3533 1452 3590 subdiaconum

273 3627 382 3678 nostros
403 3620 499 3677 fideles
522 3621 558 3678 ad
582 3621 782 3678 obsecrandum
806 3628 835 3678 st
853 3623 913 3678 Deo
930 3621 1042 3678 lavante
1060 3621 1238 3678 obtinendum
1261 3639 1312 3694 pro
1330 3629 1454 3694 quatuor

273 3711 383 3780 omum,
407 3725 478 3780 quae
501 3725 573 3765 anno
596 3713 744 3781 praeterito
767 3711 849 3767 heato
866 3712 948 3767 Petro
971 3710 1064 3767 ablata
1085 3718 1161 3782 suut,
1184 3719 1216 3767 ut
1232 3714 1412 3768 restituantur
1431 3728 1454 3767 a

273 3798 335 3855 liliis
358 3799 460 3854 nostris
477 3798 647 3869 Liutprando
671 3805 700 3856 at
717 3801 868 3871 Hilprando
891 3801 1045 3872 supplicare
1067 3799 1280 3871 destinavimus,
1305 3817 1383 3870 ecco,
1406 3799 1454 3856 di-

273 3887 413 3944 lectissimi
431 3885 538 3957 sratres,
556 3894 666 3959 tempus
685 3889 861 3959 acceptabile,
880 3894 911 3944 ut
928 3891 1005 3945 iuxta
1019 3889 1228 3960 chirographum
1241 3895 1364 3946 vesurmr
1381 3889 1454 3946 boni

273 3977 363 4048 operis
381 3975 500 4032 fructum
519 3976 601 4034 besto
613 3979 694 4034 Petro
712 3977 814 4034 seratis.
842 3979 926 4035 Cuius
945 3979 1107 4034 auctoritate
1124 3993 1176 4035 vos
1193 3977 1334 4035 hortamur
1351 3980 1378 4034 in
1390 3979 1455 4034 Do·

273 4066 361 4137 mino,
379 4071 411 4122 ut
428 4066 465 4122 ad
482 4067 594 4124 eoadem
613 4083 676 4124 cum
693 4067 841 4138 praedictis
858 4066 921 4124 filiis
939 4068 1038 4124 nostris
1056 4069 1223 4139 properetis,
1244 4073 1277 4124 ut
1294 4085 1313 4125 a
1330 4069 1387 4124 Deo
1404 4068 1454 4123 in-

273 4156 369 4226 spirati
385 4156 586 4227 protectoribus
605 4172 698 4214 eorum
716 4157 806 4214 beatis
826 4157 995 4228 principibus
1013 4158 1198 4228 apostolorum
1215 4158 1298 4214 Petro
1316 4162 1346 4214 et
1360 4157 1455 4214 Paulo
1517 4219 1518 4226 χ

273 4245 370 4302 mem
388 4249 480 4302 cntra
496 4247 684 4302 restituantur.
716 4246 788 4303 Nam
810 4247 848 4318 si,
871 4247 944 4316 quod
965 4263 1021 4303 non
1045 4247 1195 4318 credimus,
1219 4247 1375 4304 distuleritis
1391 4247 1457 4304 iter

273 4335 401 4406 arripere,
420 4339 532 4406 propter
544 4336 633 4392 Deum
646 4351 707 4408 ago,
726 4352 882 4408 quanquam
899 4336 1042 4393 imbecillia
1060 4337 1112 4393 aim
1130 4352 1196 4409 prae
1214 4335 1369 4394 infirmitate
1385 4351 1455 4392 cor-
