3064 4928
432 277 551 326 conare
573 277 777 326 cenonruus.
811 273 899 326 naa
1212 263 1253 328 17

73 435 161 503 deut
181 435 231 502 illi
253 436 411 522 focerunt,
439 457 492 505 res
514 443 695 506 sauctorum
719 436 933 524 apostolorum
956 435 1118 506 dmmuere
1144 443 1176 505 et
1197 459 1253 526 pe-
1272 453 1326 508 tto

73 551 230 619 culiarem
244 553 399 640 populum
414 554 623 640 depraedata
646 554 693 620 ita
708 553 847 622 dicentes
862 554 925 641 ipsi
940 554 1050 621 duces:
1077 555 1163 638 Quia
1178 579 1252 623 coa·

72 679 142 735 era·
168 671 313 736 eclesiam
326 683 469 736 raumara
483 671 549 738 Dei
563 673 689 756 uiaque
706 672 864 758 populum
875 673 1069 759 peculiarem
1084 694 1149 738 aaa
1165 694 1252 738 ecer-

1 833 2 872 2
73 789 230 865 eitonam
253 789 405 874 quoniam
427 799 605 874 otpertum
619 809 689 852 curu
707 790 750 852 aie
766 788 913 853 dadanus
936 801 965 854 et
987 811 1024 853 ec
1046 791 1120 876 ipsa
1143 789 1254 855 eolasio

1 937 2 942 ι
65 904 169 985 fidem
183 907 372 990 accepimus.
396 902 531 988 Ideoque
542 921 651 968 mucro
664 923 771 970 eorum
785 895 906 970 desevit
917 907 1027 970 oontm
1042 923 1105 970 eos.
1171 902 1253 970 Nam

73 1019 137 1104 ipsi
161 1019 299 1105 predicti
322 1019 416 1086 duces
438 1019 544 1105 parati
564 1019 693 1086 fuerunt
720 1023 753 1086 et
778 1023 868 1102 sunt,
896 1020 1066 1086 secundnm
1092 1019 1253 1104 antiquom

1 1202 2 1227 χ
73 1135 338 1202 cousuetudinem
366 1135 412 1201 eis
440 1134 599 1202 hobedire.
639 1134 702 1201 Sed
727 1135 790 1220 illi,
820 1136 991 1202 retinentes
1019 1135 1100 1201 iram
1128 1156 1187 1223 pro
1217 1155 1253 1203 eo

1 1253 2 1303 ι
74 1251 162 1336 quod
181 1253 330 1338 superius
351 1251 499 1335 diximus,
522 1272 580 1338 per
595 1251 792 1336 exquesitam
807 1253 1003 1319 occasionem
1019 1250 1159 1319 volentes
1182 1251 1253 1318 illos

73 1373 107 1434 et
120 1387 182 1434 nos
197 1367 361 1436 damnare
382 1371 414 1434 et
429 1367 589 1452 invaders,
613 1367 695 1451 ideo,
717 1371 868 1451 utrosque
890 1373 1125 1454 persequentes,
1150 1374 1253 1434 vestre

1 1515 2 1528 ι
73 1483 213 1550 bonitati
237 1488 409 1568 suggerunt
430 1483 527 1550 falsa:
557 1487 593 1549 ut
622 1488 654 1550 et
681 1483 775 1550 duces
804 1483 875 1550 illos
905 1483 1119 1550 nobilissimos
1142 1484 1254 1568 degra-

74 1600 169 1682 dent3
198 1606 233 1667 et
253 1621 327 1666 suos
349 1599 467 1667 ibidem
489 1620 604 1687 pravos
627 1600 774 1666 ordinent
795 1599 905 1682 duces;
935 1605 967 1666 et
993 1599 1093 1666 multo
1117 1599 1253 1687 amplius

1 1773 2 1778 ,
74 1717 193 1783 cotidie
223 1722 256 1784 et
278 1736 318 1783 ex
342 1717 428 1782 omni
451 1721 540 1802 parte
562 1715 624 1783 Dei
647 1715 793 1782 eclesiam
816 1721 999 1803 expugnent
1026 1722 1059 1783 et
1087 1736 1138 1782 res
1168 1715 1253 1783 beati

1 1867 2 1884 ι
75 1831 164 1900 Petri
188 1833 344 1920 principis
368 1833 581 1920 apostolorum
596 1831 752 1920 dissipent
768 1837 862 1917 atque
886 1832 1039 1918 populum
1060 1832 1253 1921 pecudiarem

75 1950 250 2037 captivent

169 2066 290 2132 Tamen
312 2070 349 2131 ιιι
369 2065 418 2132 rei
441 2065 556 2132 veritas
579 2059 669 2132 vobis
692 2063 883 2148 declaretur,
912 2063 1174 2132 christianissime
1197 2065 1251 2150 fili,

77 2181 187 2248 iubeas
210 2187 285 2268 post
307 2182 449 2267 ipsorum
471 2203 579 2266 regum
603 2181 644 2247 ad
666 2179 814 2268 propria*
829 2181 1042 2248 reversionem
1063 2187 1152 2247 tuum
1175 2180 1253 2250 fide·

75 2297 237 2364 dissimum
258 2298 407 2381 missum,
438 2298 491 2383 qui
513 2318 577 2364 non
600 2317 619 2363 a
641 2297 811 2384 praemiis⁶
835 2303 1072 2384 corrumpatur,
1101 2298 1251 2382 dirigere:

1 2393 2 2396 Ἴ
77 2420 112 2480 nt
133 2415 275 2501 propriis
298 2413 397 2480 oculis
421 2414 670 2500 persecutionem
691 2419 834 2480 nostram
856 2418 889 2480 et
902 2413 963 2480 Dei
979 2413 1132 2480 aeclesiae
1150 2413 1253 2480 humi-

76 2529 243 2596 liationem
266 2535 299 2596 et
321 2529 388 2596 eius
409 2549 515 2596 rerum
530 2527 767 2596 dissolutionem
790 2533 823 2595 et
845 2530 1082 2615 peregrinorum
1105 2530 1252 2597 lacrimas

76 2647 308 2732 conspiciatur;
332 2651 365 2712 et
385 2651 440 2711 tue
463 2644 596 2711 bonitati
620 2646 726 2711 omnia
747 2645 937 2731 pandantur.
1183 2649 1187 2658 ’

170 2761 233 2829 Sed
256 2768 397 2828 ortamur
419 2761 593 2829 bonitatem
616 2767 703 2827 tuam
725 2781 832 2828 coram
854 2762 991 2829 Domino
1015 2767 1048 2829 et
1070 2761 1137 2829 eius
1160 2762 1252 2828 torri-

77 2878 134 2944 bili
148 2879 278 2962 iudicio,
302 2877 563 2944 christianissime
577 2875 640 2944 fili:
663 2883 699 2943 ut
720 2883 851 2964 propter
866 2879 968 2946 Deum
993 2883 1025 2945 et
1040 2879 1163 2944 animae
1179 2882 1252 2945 tuae

78 2995 215 3061 salutem
244 2995 411 3062 subvenias
440 2993 591 3060 aeclesiae
619 2995 720 3060 sancti
742 2993 830 3062 Petri
860 2999 893 3061 et
919 2994 985 3060 eins
1015 2993 1167 3081 peculiari
1195 3013 1251 3080 po·

78 3111 172 3198 pnlo;
200 3112 389 3195 eosdemque
417 3129 506 3192 reges
535 3109 593 3177 sub
619 3111 719 3176 nimia
741 3111 901 3178 celeritate
923 3111 1041 3177 refutes
1066 3115 1099 3176 et
1121 3131 1139 3176 a
1161 3108 1251 3176 nobis

79 3227 227 3314 repellas,
251 3232 283 3293 et
305 3226 412 3293 iubeas
436 3246 489 3292 eos
512 3226 552 3291 ad
574 3227 704 3313 propria
721 3227 847 3293 reverti.
882 3225 953 3292 Non
969 3225 1124 3312 despicias
1140 3225 1251 3310 depre-

79 3345 238 3410 cationem
265 3363 369 3410 meam
395 3361 495 3426 neque
523 3339 651 3418 claudas
675 3363 766 3410 aures
789 3347 860 3410 tuas
884 3363 904 3408 a
926 3341 1140 3427 postulatione
1163 3361 1250 3422 mea;

80 3463 125 3526 sic
152 3479 218 3526 non
241 3459 299 3524 tibi
320 3459 390 3544 ipse
416 3458 563 3546 princeps
587 3459 801 3554 apostolorum
825 3458 950 3525 claudat
972 3458 1120 3525 caelestia
1142 3477 1249 3541 regna

80 3575 218 3643 Coninro
241 3581 273 3642 te
295 3575 329 3640 in
343 3573 445 3640 Deum
461 3575 568 3640 vivum
592 3581 624 3641 et
637 3595 747 3642 verum
771 3581 803 3642 et
824 3576 911 3660 ipsas
935 3574 1164 3641 sacratissimas
1188 3572 1251 3640 cla-

79 3713 132 3760 ves
148 3690 373 3759 confessionisd
389 3690 473 3758 beati
488 3689 584 3774 Petri,
609 3711 685 3776 quas
701 3690 790 3758 vobis
815 3691 855 3756 od
877 3686 1005 3775 rogum¹
1027 3687 1249 3758 direxsimus⁸z

78 3815 200 3876 utnon
222 3826 381 3894 proponas
406 3806 577 3874 amicitiam
603 3828 713 3892 regum
736 3805 1017 3891 Langobardorum
1040 3807 1141 3875 amori
1162 3806 1251 3893 prin·

249 3947 324 3984 dnm.

150 4027 173 4059 a.
196 4025 243 4074 ψει
260 3987 303 4072 ,αἱ
320 4012 398 4058 contra
414 4028 434 4057 c.
508 4009 530 4057 b.
554 4011 668 4072 propriam
685 4030 705 4058 c.
780 4024 800 4059 o.
824 3989 900 4073 pubis
916 4031 936 4059 c.
1010 4009 1033 4057 d.
1058 3981 1213 4070 confessionis
1230 4027 1250 4054 c.
1305 4025 1308 4032 ¹

80 4137 163 4207 poris,
180 4135 233 4190 iter
250 4135 378 4205 arripiam
394 4131 572 4206 laboriosum3
595 4139 624 4189 et
641 4131 750 4204 videbo,
769 4147 803 4189 no
821 4139 914 4190 vestra
931 4132 1099 4202 negligentia
1116 4130 1196 4186 vobis
1214 4130 1250 4186 ad

82 4225 274 4295 obligationem
292 4239 328 4279 ex
345 4221 419 4279 nodo
435 4222 509 4292 pacti
527 4223 671 4292 pertineat.
699 4224 772 4279 Data
790 4223 856 4278 Idus
870 4221 1003 4292 Octobris,
1020 4220 1169 4276 indictione
1187 4219 1231 4274 9²¹.

151 4316 176 4369 1.
195 4313 380 4383 rogationem,
404 4310 628 4368 obsecrationem.
682 4364 685 4372 .
723 4313 749 4370 2.
768 4328 793 4368 a.
808 4313 868 4368 739.
895 4312 929 4370 V.
946 4312 1069 4382 Rogesta
1089 4306 1249 4382 pontificum

83 4403 264 4459 Romanorum
283 4419 310 4472 p.
324 4403 376 4456 182
394 4417 421 4456 n.
435 4401 512 4456 1732.

124 4499 203 4553 susi.
220 4501 365 4547 Bibbortoea
380 4499 419 4546 lv.
1021 4499 1038 4554 2
