3048 4934
283 267 326 333 22
635 277 751 328 connx
774 275 978 325 ennontnos.
1013 271 1099 324 nno

180 460 231 514 747
283 441 474 529 dampnum,
499 439 603 528 quod
623 442 841 526 pristinum
865 437 1050 523 officium
1072 459 1268 524 ueurpore
1289 457 1365 502 non
1389 436 1457 500 de·

157 533 259 580 ⁰'¹²¹²'⁵
284 562 407 627 beant.
495 556 546 623 Ex
567 554 648 622 libro
672 573 828 620 canonum
852 559 1030 620 sanctorum
1057 551 1286 639 apostolorum
1317 549 1458 638 capitulo
1516 593 1517 600 κ

284 675 432 742 vicesimo
456 667 555 739 nono¹
578 671 695 738 dictum
721 674 783 736 est:
810 670 850 738 Si
873 673 943 757 quic
968 673 1132 757 epiceopue
1155 684 1211 736 aut
1227 671 1384 757 presbiter
1402 665 1460 734 out

284 796 452 872 diaconae,
477 791 637 876 depositae
659 791 755 853 iuete'
778 810 873 873 cuper
896 790 986 853 certic
1010 787 1210 867 criminibus,
1235 809 1331 852 oueue
1350 785 1459 871 suerit

284 921 449 975 attrectare
476 908 686 971 minieterium
714 905 833 969 dudum
861 903 924 969 eibi
945 906 1157 984 communem,
1188 904 1239 969 ieie
1261 903 1300 968 ab
1324 903 1460 968 aeeteeta

280 1028 408 1114 penitere
431 1023 622 1088 abscidatur.

374 1138 516 1205 Tertium
546 1135 717 1222 capitulum
747 1135 787 1201 do
815 1133 999 1221 presbiteris
1033 1133 1336 1220 supervenientibus.
1406 1134 1461 1201 Ex

285 1254 416 1322 concilio
433 1250 673 1337 Gertcg'inensm
697 1250 835 1339 capitulo
853 1247 1052 1317 undecimo²:
1078 1251 1126 1318 Si
1148 1255 1236 1338 quie
1257 1252 1462 1338 presbiter·

286 1385 425 1439 contro
462 1373 691 1458 episcopum
728 1391 835 1434 cuum
872 1367 1047 1453 inflatae
1084 1368 1252 1433 echicmo
1286 1369 1459 1454 fecerit,

286 1489 492 1555 anathemo
521 1489 583 1554 cit.
625 1486 676 1551 Ab
705 1488 858 1552 universis
886 1487 1041 1572 epiceopic
1068 1485 1185 1550 dictum
1213 1497 1257 1551 eet
1284 1497 1346 1568 ter,
1375 1510 1461 1551 ana-

285 1605 387 1672 thema
408 1601 478 1670 eit!
516 1603 557 1670 Si
579 1605 649 1688 qun
667 1602 824 1689 praebiter
845 1625 865 1666 o
882 1603 1067 1688 praeposito
1090 1624 1147 1667 ouo
1166 1615 1327 1688 conceptue
1339 1603 1460 1688 suern,

285 1722 373 1788 debet
393 1723 501 1806 utique
524 1720 630 1806 apud⁶
653 1720 773 1783 nicinoe
797 1720 959 1805 episcopor
983 1721 1142 1804 conqueri,
1169 1729 1205 1782 ut
1226 1718 1265 1783 ab
1288 1721 1369 1805 ipet'c
1391 1723 1462 1784 eine

285 1861 382 1903 cauea
400 1839 505 1924 poenit
519 1836 638 1913 audiri,
664 1857 701 1898 ac
714 1857 774 1920 per
788 1837 874 1920 ipeoe
890 1857 947 1899 cuo
963 1837 1108 1922 episeopo
1123 1835 1332 1900 reconciliari.
1365 1835 1464 1916 Quod

285 1956 351 2018 nini
368 1953 496 2038 feeerit,
521 1951 576 2015 ue
598 1950 756 2036 superbia,
782 1953 868 2037 quod
889 1950 980 2031 abrit,
1004 1952 1132 2036 inflatur
1155 1953 1340 2017 secernendo
1363 1975 1396 2033 ee
1418 1954 1462 2018 ab

286 2071 429 2156 epiceopi
449 2069 501 2133 eui
522 2070 737 2133 communione
759 2067 951 2147 subuenerit,
976 2091 1013 2132 ao
1036 2065 1226 2154 separatim*³
1247 2091 1317 2134 eum
1339 2069 1462 2156 aliqui-

287 2185 343 2251 bue
362 2185 508 2271 somene,
538 2183 728 2266 eaem‘sioium
751 2183 821 2249 Deo
850 2183 1008 2265 obtulerit,
1040 2185 1207 2250 anatliema
1234 2185 1400 2267 habeamur,
1432 2201 1464 2254 et

288 2303 389 2368 locum
412 2303 544 2366 omittat.
582 2299 623 2366 se·
637 2301 868 2386 querimoniam
882 2303 997 2366 inciam
1019 2303 1169 2366 adoereue
1192 2305 1373 2389 epiecopum
1395 2325 1464 2368 non

287 2419 439 2497 habuerit,
463 2417 688 2503 inquirendum
710 2419 778 2482 erit.

376 2532 529 2611 Quartum
563 2531 737 2620 capitulum
771 2535 816 2598 de
852 2533 1088 2619 presbiterio
1122 2555 1324 2620 eqourum,
1363 2555 1461 2620 quam

287 2649 502 2718 obedienciam
530 2649 646 2716 debent
674 2647 822 2716 exhibere
849 2649 1005 2735 episcopis
1029 2654 1062 2716 et
1083 2649 1267 2735 presbiteris
1291 2649 1465 2718 cardinali·

287 2767 355 2834 bus.
441 2765 492 2832 Ex
515 2765 645 2833 concilio
668 2764 921 2846 Neocesaricnsi;
952 2765 1089 2852 capitulo
1116 2761 1174 2832 13⁸
1195 2766 1242 2832 ite
1264 2769 1462 2836 continetur:

287 2883 462 2950 Preebiteri
482 2886 567 2948 nuru
589 2886 625 2948 in
648 2883 761 2960 eclesia
778 2885 923 2964 urnam,
948 2885 1094 2970 epneopo
1113 2897 1279 2970 praesente
1300 2887 1350 2950 cel
1366 2909 1463 2974 pree-

287 3001 393 3066 tituta
408 2998 496 3064 urbie
511 3001 624 3086 ipsine,
651 2999 762 3085 offerre
780 3023 845 3065 non
866 3013 999 3086 ponunt
1020 3022 1076 3065 nec
1095 3023 1212 3087 ponem
1234 3004 1466 3086 caneteflcatum

288 3117 365 3182 dore
388 3116 577 3201 calicemque
603 3119 778 3202 porriqere.
819 3115 861 3183 Si
868 3137 954 3181 —oero
977 3116 1116 3182 absentee
1138 3118 1174 3182 lei
1192 3117 1336 3202 fuerint,
1368 3133 1398 3186 et
1421 3125 1466 3188 ad

287 3233 428 3298 dandum
452 3233 629 3298 oracionem
651 3245 814 3312 nocentur,
844 3232 906 3298 eoii
933 3233 1011 3298 dane
1037 3233 1196 3300 debebunt.
1238 3233 1468 3326 Ctorepncopt

288 3371 412 3436 qnoque
439 3351 483 3414 aei
510 3349 684 3435 euemplum
713 3350 840 3434 quidem
869 3361 897 3414 et
915 3349 1063 3434 formem
1089 3353 1288 3437 eeptuaqinto
1315 3355 1467 3420 ridemur

288 3488 368 3542 eece3
393 3479 429 3532 ut
452 3468 538 3551 quod
558 3467 808 3531 ministraverint
825 3479 959 3552 propter
981 3469 1130 3547 etodium,
1155 3469 1241 3554 quod
1262 3477 1355 3555 erqo·
1378 3494 1466 3557 pou-

286 3603 376 3668 perte
400 3581 550 3662 eelcibent,
575 3582 775 3647 honorentur.

376 3695 527 3774 Quintum
557 3696 730 3784 capitulum
759 3697 797 3763 de
826 3697 1005 3782 monachis,
1035 3698 1067 3765 id
1096 3704 1145 3766 cet
1171 3699 1293 3767 ancillis
1315 3701 1393 3785 Dei3
1427 3705 1468 3772 dc

288 3811 402 3898 quibus
425 3811 602 3896 flagitatum
624 3819 687 3897 est,
715 3813 742 3879 si
764 3812 875 3898 liceat,
900 3833 953 3880 eac
977 3815 1017 3880 ad
1039 3816 1207 3884 missarum
1231 3817 1385 3886 solemnia
1409 3827 1469 3888 aut

361 4046 383 4080 ι.
406 4036 506 4096 sequitur
521 4051 604 4081 runca
620 4037 685 4080 trium
700 4037 748 4092 lere
763 4037 895 4082 litterarum.
973 4035 995 4083 b.
1021 4043 1055 4085 .t.
1072 4039 1238 4087 anathement
1254 4043 1388 4090 addidet„
1403 4061 1466 4091 mor-

288 4115 340 4176 gine
356 4117 461 4171 inferiore
476 4117 683 4177 corrigensmcnus
701 4118 804 4176 entique.
827 4117 874 4164 set
885 4117 940 4162 hoec
951 4136 994 4163 non
1006 4120 1110 4181 leguntur
1121 4123 1308 4180 emDionysium.
1370 4137 1391 4170 e.
1408 4131 1466 4184 aput

289 4210 345 4239 corr.
363 4197 386 4240 tn
402 4193 463 4253 apud
479 4211 499 4239 c.
572 4195 595 4240 d.
621 4197 749 4256 separatum
766 4212 823 4241 corr.
839 4198 861 4242 in
878 4198 1001 4255 reperetim
1018 4215 1038 4244 c.
1114 4213 1134 4245 o.
1158 4213 1212 4258 orgo
1228 4219 1286 4248 cerr.
1301 4205 1325 4248 in
1341 4216 1395 4262 erge
1412 4223 1433 4251 a.

362 4317 386 4370 1.
406 4331 449 4387 ep.
463 4316 626 4388 Dionysium
644 4318 693 4374 1.1.
765 4319 790 4374 2.
809 4334 853 4388 ep.
867 4318 1030 4391 Dionysium
1049 4321 1067 4377 1.
1079 4322 1097 4376 1.
1116 4339 1143 4392 p.
1159 4323 1218 4380 189,
1295 4325 1320 4380 3.
1340 4341 1385 4396 ep.
1397 4325 1463 4383 Dio-

287 4403 397 4476 nysium
415 4405 433 4461 l.
447 4406 463 4461 1.
482 4422 509 4476 p.
521 4407 566 4462 40.
