3048 4934
268 201 289 268 2
689 215 807 266 conen
830 215 1024 264 onnoumns

269 380 339 444 clem
361 378 500 464 effectum
523 389 582 455 ectr
606 375 677 444 licet
697 399 797 464 oeque
818 377 1042 464 imperialium,
1068 398 1149 463 quoe
1169 379 1343 464 seperatim
1365 398 1443 441 con-

266 507 371 581 pectoe
386 515 450 560 cece
464 495 620 574 videnter,
644 493 850 580 epietolecom
872 506 972 560 circeo
996 496 1122 559 omnino
1145 493 1238 559 bodie
1256 505 1361 572 certet,
1385 513 1444 556 oc-

269 633 329 696 qce
350 613 417 676 iam
438 613 544 697 ipecm
568 610 804 697 pontificiorum
832 609 1007 676 litterarum
1030 611 1166 676 codicem
1189 634 1210 675 o
1232 611 1342 696 primo
1366 629 1445 674 coo-

268 729 420 814 scriptum
442 726 621 792 bobeomue.

356 841 444 908 Nom
467 843 525 929 qui
545 854 675 908 vocetur
697 839 825 907 Codcc
848 839 1076 922 Cecolinnr,
1107 840 1360 906 membranaceus
1380 839 1445 926 fo-

267 959 384 1036 liorum
397 959 453 1040 98,
471 957 587 1043 formo
602 957 770 1042 quadrato,
794 960 829 1022 io
845 958 1030 1023 bibliotheca
1045 955 1198 1023 Caesareo
1209 957 1448 1023 Vindoboucnei

267 1087 408 1141 cecatur
431 1071 524 1154 (449,
541 1071 597 1138 lue
613 1097 682 1138 con.
694 1073 750 1153 83,
771 1072 877 1145 Tbeol.
891 1073 963 1140 Lot.
977 1073 1069 1156 198),
1095 1095 1157 1160 quo
1180 1076 1272 1139 unico
1293 1073 1447 1160 epietolee

267 1190 344 1256 illoc
367 1189 501 1277 populeo
524 1213 546 1256 o
568 1187 681 1255 Gemlo
704 1209 776 1275 repe
804 1190 914 1280 colliqi
938 1193 1044 1256 iurene
1071 1191 1115 1255 cd
1135 1211 1194 1254 coe
1218 1202 1444 1278 pepercerunt,

269 1309 469 1393 quoetcmcie
491 1306 546 1371 ille
570 1309 676 1393 pretio
700 1305 845 1388 eccelict,
874 1327 973 1393 neque
1000 1318 1103 1372 tameo
1131 1319 1238 1371 oetaeo
1261 1306 1363 1372 ceculo
1392 1306 1445 1372 lo-

268 1423 357 1489 bento
365 1415 383 1504 ¹,
411 1423 482 1502 ced,
501 1419 545 1488 'et
566 1444 604 1487 ec
627 1424 697 1508 ipso
721 1419 897 1488 litterarum
919 1424 1014 1488 docto
1033 1423 1218 1506 firmissime
1240 1422 1445 1510 comproben-

269 1540 366 1619 decr,
382 1539 518 1604 'ccccm
538 1538 641 1604 ceculo
664 1560 747 1604 nono
765 1551 913 1604 eccretue
928 1552 981 1608 cet.
1023 1537 1096 1620 Quo
1117 1539 1156 1604 de
1169 1539 1287 1618 'cousm
1311 1561 1381 1604 cum
1404 1542 1444 1604 icc

268 1655 391 1721 ecidrelu
412 1654 650 1720 mambranaceo
670 1657 800 1740 teymiei
813 1657 930 1720 codicis
949 1657 1103 1720 accubet
1124 1655 1323 1740 oppletiooto
1343 1677 1446 1720 emere

267 1794 325 1838 ecc.
339 1762 393 1836 IX
413 1773 461 1836 cic
473 1773 627 1857 ecn'ptum
641 1773 698 1836 eit:
721 1768 847 1835 LIBER
861 1767 1109 1838 WILLIBERTI
1128 1769 1327 1837 ARCHIEPI
1349 1774 1446 1837 item-

269 1909 329 1974 que
350 1889 385 1952 ise
409 1889 597 1974 pectes-ioris
620 1889 764 1973 teyceicir
783 1887 889 1970 folio:
915 1883 1036 1952 Liber
1058 1883 1295 1970 williberti,
1324 1911 1346 1954 c
1366 1909 1446 1953 cero

268 2009 319 2070 'coe
342 2003 447 2068 obcecc
465 2015 569 2090 patet,
595 2005 653 2088 qui
671 2002 837 2068 Williberti
858 2003 1089 2090 archiepiscopi
1112 2003 1353 2090 Rotcmcqeucie
1374 2007 1444 2068 eic-

268 2123 345 2186 oitcr
359 2141 442 2186 enno
458 2118 524 2185 825
538 2118 647 2203 sciere
668 2118 783 2184 liberem
805 2114 943 2184 e·ccccc'.
980 2118 1049 2186 seo
1066 2121 1264 2206 opertieeimc
1275 2121 1348 2204 fuit
1362 2121 1445 2186 Wil-

269 2237 374 2302 biberti
394 2235 626 2322 orobieprecopi
647 2231 839 2300 Coloniencie
869 2229 1125 2316 (mo-889³),
1154 2239 1247 2314 „ciri
1270 2237 1346 2302 bene
1367 2257 1445 2301 ccu-

268 2353 331 2418 eet
336 2347 346 2380 ⁴
369 2358 399 2417 e't
419 2353 455 2416 in
478 2353 595 2416 bicinis
618 2351 824 2438 biennioque
845 2351 937 2416 rebus
957 2348 1253 2438 pcedcrunbeimi“⁵.

358 2469 490 2533 Pmitee
511 2469 712 2553 ipocromue,
742 2468 868 2552 quondo
892 2467 971 2531 libcc
993 2465 1124 2532 Ceionio
1146 2480 1326 2554 mportetce
1348 2472 1390 2534 cit
1413 2481 1446 2534 ct

268 2585 396 2672 mdo
421 2585 606 2671 pervenerit
628 2585 663 2646 in
687 2583 904 2650 bibliothecam
922 2578 1216 2648 Viudoboueoeem⁶.
1257 2585 1313 2650 Ibi
1338 2598 1445 2650 necem

267 2817 368 2876 cilicino
384 2818 443 2875 Τ.Ι
460 2817 594 2891 praefatio
611 2835 639 2890 p.
649 2817 870 2886 XXII-XXIII)
888 2819 1065 2890 consentiam,
1084 2823 1224 2877 auctorem
1237 2821 1367 2892 epistolas
1384 2836 1445 2878 non

268 2909 303 2972 eb
321 2908 531 2981 imperatoribus
549 2907 599 2964 sed
617 2923 700 2980 super
718 2907 821 2964 eisdem
840 2909 957 2979 boripres
975 2909 1088 2980 intelligi
1106 2910 1235 2966 voluisse.

339 2999 364 3053 1.
387 2997 571 3054 Vehementer
593 2997 694 3052 erruvit
717 2996 881 3052 Lembecius
909 2999 952 3064 (v.
967 2995 1038 3052 infre
1055 2997 1113 3068 p.4
1130 3016 1157 3054 n.
1173 3001 1216 3069 1),
1246 2998 1294 3068 qui
1317 2997 1444 3054 codicem

269 3085 327 3159 „nd
350 3085 436 3156 ipsius
455 3085 544 3142 Caroli
562 3085 655 3154 lingui
678 3084 870 3140 bibliothecam
895 3083 1078 3141 cubicularem
1102 3087 1288 3158 pertinuisse¹⁴
1312 3087 1444 3157 opinatus

267 3181 319 3231 set
411 3173 437 3230 2.
456 3175 488 3230 In
506 3175 642 3230 anteriore
664 3173 768 3229 codicis
790 3175 912 3244 tegmine
936 3175 972 3230 ed
989 3175 1076 3231 verbe
1093 3176 1203 3230 LIBER
1219 3173 1445 3232 WlLLIBIiRTI

267 3264 442 3322 ARCHIEPI
459 3263 588 3336 apposuit
606 3278 703 3320 menus
715 3264 850 3319 recentior
862 3263 942 3318 hnec:
963 3269 1011 3334 „ut
1027 3263 1168 3336 probabile
1186 3270 1237 3334 est,
1256 3265 1444 3334 Rotomegen-

267 3355 313 3423 siu‚
332 3353 380 3422 qui
398 3359 564 3408 memoretur
581 3353 610 3410 in
628 3352 755 3424 capitulis
768 3351 901 3408 Ludovici
919 3353 960 3408 Pii
978 3353 1049 3408 inter
1066 3354 1172 3422 legatos
1190 3353 1359 3408 diversarum
1378 3368 1443 3424 pro-

267 3439 431 3512 cinctuum,
456 3443 504 3511 qui
526 3441 673 3498 conventui
690 3440 908 3511 Aquisgrenensi
929 3441 965 3496 A.
983 3439 1014 3496 0.
1033 3439 1085 3496 819
1110 3439 1203 3496 hubito
1227 3439 1444 3500 interfuerunt¹'.

267 3529 318 3598 (V.
338 3529 493 3600 Gepitulere
512 3532 671 3600 missorum,
695 3529 767 3585 bion.
781 3528 872 3586 Germ.
885 3529 967 3586 LL.I
985 3529 1063 3598 246).
1095 3529 1181 3600 quue
1199 3529 1281 3585 etiem
1300 3529 1446 3587 Lembecii

268 3633 383 3676 escensu
400 3619 546 3690 probatum
564 3624 621 3692 eut3
645 3636 671 3676 v.
689 3617 762 3674 inire
778 3620 837 3689 p.4
855 3635 881 3674 n.
896 3621 921 3676 1.
1021 3619 1048 3676 6.
1064 3619 1099 3675 V.
1116 3619 1257 3676 Dttmmler
1275 3617 1445 3676 Geechichte

268 3707 317 3764 des
340 3706 560 3766 ostirinkischcn
584 3707 685 3764 Reichs
701 3707 728 3764 11
744 3708 797 3764 401
816 3725 843 3762 u.
859 3709 904 3764 31.
1010 3708 1037 3764 4.
1054 3707 1090 3764 V.
1109 3706 1253 3764 Guntberii
1276 3708 1375 3765 deiecti
1398 3725 1445 3764 er-

267 3795 434 3868 chiepiscopi
446 3797 615 3854 eoloniemis
634 3796 670 3852 nd
681 3796 834 3852 Adrianum
846 3797 873 3852 ΙΙ
885 3796 1030 3867 epistolum
1048 3812 1092 3866 ep.
1104 3795 1197 3852 l'loss:
1216 3797 1316 3853 Leonis
1332 3799 1363 3854 P.
1372 3797 1445 3856 vm

267 3886 440 3956 privilegium
458 3885 493 3942 de
510 3885 679 3942 investituris
696 3901 724 3955 p.
738 3887 781 3940 70.
871 3885 896 3942 b.
914 3885 1065 3956 Reginonis
1077 3885 1223 3942 chronicon
1238 3885 1274 3942 nd
1285 3887 1347 3956 890,
1365 3886 1443 3943 bien.

268 3975 361 4032 Germ.
373 3975 422 4032 SS.
435 3975 449 4030 1
466 3975 528 4031 602.
618 3975 644 4028 6.
657 3974 691 4030 V.
705 3972 845 4030 Lembecii
857 3973 1051 4030 eommunrnrii
1069 3974 1104 4030 de
1114 3970 1288 4030 'bibliothece
1305 3973 1446 4032 Osesuren

267 4063 475 4123 vindobonensi
493 4062 548 4128 (ed.
559 4063 583 4130 1)
602 4062 635 4119 Τ.
648 4063 674 4118 11
691 4063 758 4118 322:
779 4062 955 4134 „eneconem
973 4079 1124 4134 perquem
1142 4065 1233 4120 series
1251 4078 1340 4120 rerum
1358 4063 1445 4120 vicis·

267 4153 402 4210 sitnbiues
419 4157 449 4210 et
460 4167 514 4223 quo
526 4156 649 4222 tempore
661 4166 695 4208 uo
706 4151 788 4208 modo
799 4151 873 4208 idem
890 4152 935 4208 ille
952 4153 1206 4222 pruestentiesimus
1223 4152 1311 4210 codex
1327 4151 1444 4210 tendens

266 4243 423 4313 peruenerit
444 4243 472 4298 iu
494 4241 717 4312 urgentissimam
740 4239 932 4298 bibliothecam
957 4255 1115 4298 cessereem
1130 4241 1386 4312 vindobonensem,
1412 4242 1444 4299 id

267 4335 312 4388 est
328 4329 395 4388 mihi
410 4345 523 4401 prorsus
540 4329 709 4401 incognitum
719 4329 743 4388 “.
