3048 4934
283 262 323 329 18
632 275 751 326 oonnx
773 274 978 324 esaonrnus.
1012 275 1065 323 ns.
1081 271 1137 326 aa

210 454 263 510 740
280 439 361 526 cipis
383 436 614 526 apostolorum,
642 436 699 503 sed
721 435 859 502 velocius
888 439 920 502 et
947 435 1007 501 sub
1032 434 1132 500 uirnia
1153 431 1359 500 festinacione
1382 451 1458 498 son·

280 555 400 622 oiamus
423 559 495 641 post
509 553 613 620 Deum
635 557 723 620 tuam
738 550 988 619 consolacionem
1009 550 1049 617 ad
1065 554 1206 616 nostram
1221 548 1457 630 defensionem

280 677 317 738 ut
338 671 372 736 in
395 668 540 737 omnibus
558 669 704 753 gentibus
719 667 896 735 declaretur
910 671 1017 734 vestra
1031 665 1110 733 fidos
1134 671 1166 733 et
1188 666 1305 733 bonurn
1326 683 1458 747 nomen,

281 791 435 872 quatenns
459 791 491 854 et
512 805 570 851 nos
594 805 665 852 cnm
692 783 867 872 prophaeta
888 803 1067 851 mereamur
1089 783 1208 850 dicere:
1238 783 1406 848 &cedma
1427 795 1459 847 tr

280 905 440 972 Dominus
462 906 497 969 ia
520 903 572 968 die
594 903 822 982 tribulorioar‘c,
845 913 991 988 prorepat
1012 913 1042 966 te
1064 923 1177 966 nomen
1199 899 1266 965 Dei
1286 898 1382 964 Iacob
1393 891 1411 962 ¹.

369 1018 491 1085 Harum
521 1022 625 1083 satem
659 1017 837 1084 litterarum
871 1016 1022 1102 portitor,
1056 1014 1180 1082 Anthdt
1207 1019 1312 1082 vester
1340 1011 1458 1096 fidelis,

281 1134 365 1221 quod
381 1132 480 1201 oculis
497 1133 561 1199 suis
578 1132 658 1199 vidit
680 1137 713 1198 et
728 1152 785 1198 nos
801 1132 830 1199 oi
846 1131 1052 1217 iniunximus,
1076 1131 1182 1197 omnia
1204 1135 1278 1198 tuae
1300 1129 1458 1214 benignae

281 1249 491 1318 excellenciac
513 1249 587 1316 riva
609 1268 685 1316 voce
708 1253 844 1316 enarrat.
1377 1239 1382 1246 ’

370 1367 415 1434 Et
434 1367 573 1453 petimus
596 1365 770 1440 bonitatem
793 1371 881 1431 tuam
903 1383 1010 1431 coram
1033 1363 1100 1432 Deo
1123 1367 1206 1430 teste
1228 1367 1261 1430 et
1282 1362 1397 1446 iudice,
1419 1366 1459 1428 ut

280 1482 376 1548 nimis
398 1481 585 1549 festinanter
606 1487 730 1548 nostros
749 1481 844 1547 linias
860 1479 982 1546 dolores
1006 1485 1038 1546 ot
1058 1479 1249 1546 laetabunda
1269 1479 1361 1546 nobis
1384 1499 1457 1545 cae-

280 1599 389 1666 leriter
410 1600 517 1666 mittes
539 1597 670 1678 nuncia;
700 1602 750 1680 ut,
773 1596 849 1664 laeti
873 1595 975 1663 effecti
999 1596 1120 1680 animo,
1144 1596 1195 1663 die
1216 1602 1374 1681 noctuque
1395 1615 1457 1682 pro

281 1721 313 1783 te
339 1715 465 1801 tuisque
494 1714 639 1782 fidelibus
667 1731 774 1780 coram
800 1713 898 1779 sacris
922 1717 1103 1780 sauctorum
1125 1713 1305 1799 principum
1329 1716 1457 1799 aposto·

280 1831 383 1899 lorum
405 1830 493 1899 Petri
516 1837 548 1898 et
569 1830 660 1897 Pauli
683 1828 931 1898 confessionibus
947 1828 1084 1896 Domino
1107 1829 1276 1896 fundamus
1298 1848 1439 1915 praeces.

284 2043 319 2116 3.
348 2045 528 2111 Zacharias
556 2068 650 2132 papo
679 2045 823 2131 Pippino
851 2046 970 2110 arciori
995 2045 1106 2110 domus
1134 2046 1173 2110 de
1201 2046 1334 2110 diomede
1363 2044 1457 2109 rebus

348 2162 523 2228 consulenti
543 2161 736 2247 respondet·.
1166 2159 1254 2242 (God.
1271 2161 1303 2244 5,
1327 2158 1401 2228 Cen.
1421 2159 1456 2240 3)

185 2306 236 2361 747
370 2294 507 2362 Domino
530 2292 781 2361 excelentissimo
799 2297 891 2376 atque
907 2291 1168 2360 christianissimo
1183 2293 1319 2381 Pippino
1341 2293 1457 2360 maiori

161 2379 264 2426 ⁰'¹⁸¹¹'⁵
282 2409 394 2478 domus
417 2431 472 2478 seu
496 2410 708 2478 dilectissimis
731 2408 822 2475 nobis
845 2408 1000 2475 universis
1017 2411 1172 2497 episcopis
1196 2409 1400 2477 aeclesiarum
1425 2415 1459 2476 et

281 2526 438 2612 religiosis
466 2526 631 2593 abbatibus
660 2531 754 2611 atque
779 2525 899 2591 cuncto
923 2525 1025 2592 Deum
1052 2525 1237 2594 timentibus
1259 2526 1457 2613 principibus

281 2644 315 2710 in
331 2643 460 2728 regione
474 2641 667 2709 Francorum
681 2641 861 2708 constitutis
876 2639 1045 2708 Zacharias
1061 2643 1228 2729 episcopus
1251 2650 1380 2710 sanctae
1394 2642 1456 2708 Dei

282 2759 455 2827 catholicae
478 2764 511 2826 ct
533 2757 723 2845 apostolicae
746 2755 905 2824 Romanae
928 2756 1078 2842 ecclesiae
1100 2759 1134 2824 in
1150 2759 1286 2825 Domino
1310 2758 1455 2825 odotem.

373 2873 484 2942 Gratia
506 2875 594 2942 vobis
624 2879 656 2941 et
681 2894 745 2960 pax
770 2895 789 2940 a
810 2873 879 2940 Deo
901 2879 992 2960 patro
1022 2875 1238 2962 omnipotente
1266 2881 1299 2942 et
1328 2875 1456 2942 domino

246 2981 249 2986 ¹
282 2991 353 3060 lesu
377 2991 502 3058 Christo
526 2991 618 3058 unico
640 2988 705 3057 filio
729 2990 796 3056 eins
821 2996 852 3057 et
875 2990 914 3057 ab
939 2989 1060 3078 Spiritu
1084 2996 1191 3058 sancto
1214 2991 1423 3058 ministretur.

374 3105 496 3173 Gaudio
519 3125 634 3190 magno
657 3107 830 3190 gaudemus
853 3107 886 3172 in
903 3105 1049 3192 Domino,
1074 3107 1271 3175 addiscentes
1293 3128 1352 3194 per
1373 3107 1457 3174 rela-

282 3224 402 3291 tionem
425 3222 644 3290 sublimissimi
667 3228 699 3289 et
714 3243 733 3288 a
747 3222 814 3289 Deo
831 3223 948 3290 servati
968 3223 1122 3310 praedicti
1136 3222 1194 3290 filii
1209 3225 1311 3291 nostri
1325 3223 1458 3312 Pippini

283 3345 422 3408 vestram
451 3339 592 3406 omnium
620 3337 735 3404 bonam
765 3339 1051 3424 conversationem,
1080 3345 1113 3407 et
1134 3341 1218 3425 qnod
1244 3341 1278 3406 in
1304 3339 1396 3407 bouis
1426 3345 1459 3408 et

282 3456 351 3523 Deo
373 3455 499 3542 placitis
522 3455 780 3543 dispositionibus
803 3456 987 3523 unanimes*
1003 3462 1097 3542 atque
1119 3461 1338 3544 cooperatores
1362 3457 1457 3540 estis3

282 3571 330 3638 ita
344 3577 380 3637 ot
397 3577 429 3639 et
444 3571 595 3639 acclesiae
610 3571 671 3638 Dei
695 3577 726 3638 et
739 3573 933 3640 venerabilis
954 3571 1024 3638 loca
1044 3584 1109 3659 per
1121 3573 1300 3640 universam
1315 3577 1459 3640 vestram

283 3687 478 3775 provinciam
506 3689 568 3755 sita
595 3689 697 3774 adque
725 3709 834 3756 earum
861 3689 1023 3777 praesules
1052 3689 1231 3758 sacerdotes
1258 3695 1292 3757 et
1315 3689 1460 3774 religiosi

357 3897 377 3930 a
406 3901 436 3930 a
459 3884 704 3940 cod.f.6o-11o.
729 3889 834 3933 Lemma:
864 3885 934 3932 ltcm
962 3885 1091 3946 epistola
1119 3884 1276 3932 Zachariae
1304 3897 1394 3946 papae
1423 3885 1459 3932 ad

285 3960 416 4009 domnum
436 3963 588 4022 Pippinom
609 3963 699 4011 missa
718 3988 742 3996 -
761 3979 832 4024 qnae
857 3965 1034 4025 pretitulata
1054 3968 1100 4012 est
1120 3964 1170 4012 sub
1195 3966 1333 4012 maiorum
1354 3964 1459 4012 donnus

179 4059 181 4064 ¹
283 4041 410 4100 nomine,
440 4056 473 4089 eo
497 4043 573 4102 quod
596 4043 717 4090 nondum
740 4045 768 4092 in
795 4045 873 4103 regis
897 4045 1071 4103 dignitatem
1096 4047 1176 4092 osset
1199 4045 1330 4093 elevatas
1353 4069 1377 4078 -
1400 4060 1459 4093 nne

284 4134 345 4169 oum
371 4122 513 4182 capitulis
538 4124 600 4170 suis
625 4124 773 4172 consultis
796 4138 811 4171 a
833 4125 888 4172 iam
913 4124 992 4172 dicto
1018 4125 1122 4174 domno
1143 4125 1266 4187 Pippino
1287 4125 1333 4172 rel
1357 4139 1458 4174 sacer·

216 4221 219 4232 ·
284 4201 405 4248 dotibus
437 4203 570 4262 partibus
602 4202 754 4261 Francius,
791 4204 922 4264 qualiter
954 4205 1201 4265 respondendnm,
1240 4205 1366 4266 scripsit
1401 4205 1459 4254 iarn

284 4281 383 4328 dictus
405 4283 546 4342 pontifex.
638 4284 661 4332 b.
677 4284 804 4334 unianimes
820 4301 877 4332 corr.
892 4287 916 4332 io
931 4285 1048 4334 unanimes
1065 4285 1117 4332 rod.

356 4395 381 4451 1.
399 4395 445 4451 Pe.
459 4397 501 4467 19,
514 4399 540 4453 2.
