3068 4962
151 469 416 541 801-814medio
438 467 550 555 Apreli
579 469 608 535 ei
631 468 787 536 veraciter
815 467 1052 552 renunciemus,
1081 465 1156 552 quid
1183 466 1219 533 in
1247 483 1346 549 regno
1369 482 1427 531 suo
1448 482 1484 530 ex

312 585 372 670 his,
396 605 477 672 quae
498 585 624 672 ipsein
647 585 717 652 istis
741 584 833 651 annis
856 602 914 670 per
935 583 1050 650 missos
1071 603 1144 650 suos
1159 582 1228 649 dori
1242 581 1347 665 iussit,
1370 580 1484 646 factm

313 701 420 769 situel
436 701 511 786 quid
526 700 692 769 dimissum
707 701 764 782 sit3
787 704 824 767 ut
842 699 1031 768 facientibus
1050 699 1170 784 gratias
1185 697 1360 782 condignas
1376 695 1485 763 reddet

217 811 222 817 ”
313 822 345 885 ει
367 837 430 885 non
453 817 652 901 facientibus,
676 815 847 884 secundum
871 816 956 902 quod
979 816 1008 883 ei
1030 816 1145 903 placet,
1167 815 1402 902 increpationes
1424 833 1485 878 mc·

312 935 392 1002 ritas
420 933 582 1022 rependat.
616 931 660 1000 Et
687 933 764 1018 quid
793 931 886 1019 plura
908 931 997 998 vobis
1027 931 1140 999 deinde
1167 931 1272 998 dicore
1299 926 1486 1018 possumus?

312 1050 384 1118 Non
407 1050 476 1116 vult
503 1051 647 1116 omnino:
676 1049 739 1116 nisi
769 1053 806 1115 nt
834 1050 881 1116 sic
909 1048 1117 1136 adimpletum
1146 1049 1176 1116 ei
1197 1047 1385 1114 nunciemus
1409 1046 1488 1112 sicut

313 1166 422 1251 iussit,
453 1172 485 1232 ει
513 1165 589 1251 qnid
618 1164 731 1232 exinde
759 1165 926 1232 dimissum
953 1165 996 1231 sit
1017 1170 1050 1232 et
1071 1185 1129 1252 par
1151 1165 1240 1232 cuius
1262 1163 1487 1248 negligentiam

312 1281 481 1348 dimissum
504 1281 554 1348 sit.

403 1397 495 1464 Nunc
517 1402 623 1464 autem
646 1395 861 1482 admonemus,
885 1402 921 1463 ut
943 1395 1132 1484 capitularia
1147 1401 1253 1463 vestra
1275 1393 1426 1479 relegatis
1449 1399 1488 1476 et,

311 293 377 360 418
655 307 844 356 nrmronsn
867 305 1074 356 esaonmsu.
1109 303 1142 356 41

1528 1219 1529 1256 l

1528 1305 1529 1368 l

315 1535 457 1601 quaeque
480 1514 569 1581 vobis
598 1533 655 1600 per
683 1512 780 1580 verba
809 1513 1029 1580 commendata
1056 1518 1145 1596 sunt,
1173 1509 1338 1594 recolatis,
1368 1515 1402 1578 et
1428 1509 1490 1576 tale

315 1631 429 1699 exinde
451 1635 611 1698 certamen
633 1629 750 1697 habero
772 1628 936 1713 studeatis,
960 1649 1019 1716 pro
1043 1647 1104 1714 qno
1127 1633 1160 1694 ει
1181 1627 1265 1714 apud
1280 1626 1385 1694 Deum
1409 1645 1490 1692 mer·

315 1747 423 1816 oedem
454 1752 486 1814 ει
515 1746 600 1833 apud
628 1746 734 1832 ipsum
763 1765 914 1830 magnum
942 1745 1105 1812 dominum
1133 1747 1278 1810 nostrum
1301 1742 1490 1827 condignam

315 1864 555 1931 retributionem
579 1861 770 1948 suscipiatis.

405 1979 512 2046 Primo
538 1979 636 2062 igitur
663 1979 748 2044 inter
775 1981 881 2045 cetera
908 1976 1122 2065 praecipimus
1151 1981 1184 2043 ct
1205 1976 1430 2043 admonemus:
1459 1979 1492 2040 ut

316 2101 383 2163 ιειιι
405 2115 462 2170 uos
484 2095 547 2182 ipsi
571 2113 727 2180 quamque
745 2113 859 2161 omnes
881 2093 1021 2161 iuniores
1049 2113 1106 2160 sau
1128 2112 1283 2179 pagenses
1306 2091 1406 2160 uestri
1429 2092 1492 2178 epi·
1528 2111 1529 2122 ¹

317 2233 413 2300 scopo
428 2216 544 2296 ιεειιο,
567 2211 627 2278 hoc
642 2210 803 2298 praesenti
826 2231 882 2277 seu
905 2229 964 2296 per
978 2209 1112 2276 missum
1128 2229 1220 2275 suum
1235 2207 1414 2292 mandanti,
1439 2227 1493 2295 per

317 2327 434 2411 omnio,
458 2332 612 2412 qnantum
635 2327 675 2394 od
697 2346 790 2393 suum
809 2326 1020 2394 ministerium
1035 2325 1183 2412 pertinet,
1207 2323 1390 2394 obedientes
1414 2325 1493 2409 sitis,

316 2449 350 2511 ει
371 2442 491 2511 nullam
515 2443 629 2511 exinde
650 2442 876 2528 negligentiam
898 2442 1051 2510 habeatis.

406 2559 530 2627 Deinde
553 2564 585 2627 et
607 2559 645 2627 de
668 2559 798 2626 iustitiis
822 2558 930 2626 domni
956 2558 1175 2646 imperatoris,
1204 2557 1381 2625 secundum
1412 2555 1493 2644 qnod

317 2675 407 2744 vobis
430 2675 481 2743 vel
503 2677 656 2762 scriptum
673 2675 721 2743 uel
737 2675 842 2744 verbis
865 2681 915 2743 est
929 2675 1060 2760 dictum,
1083 2674 1147 2742 tale
1162 2681 1324 2743 commen
1338 2674 1494 2758 habeatis,
1528 2677 1529 2764 l

319 2793 401 2860 sieut
423 2812 479 2858 vos
502 2792 616 2860 exinde
639 2792 797 2859 debitores
820 2811 890 2860 cose
912 2791 1111 2876 cognoscitis.

407 2908 530 2976 Deinde
557 2915 595 2975 ut
621 2909 760 2975 iustitias
788 2908 1007 2994 eeclesiarum,
1037 2908 1220 2994 viduarum,
1249 2907 1437 2975 orianorum
1467 2913 1496 2974 et

319 3025 513 3112 reliquorum
541 3024 681 3090 omnium
706 3025 774 3092 sino
797 3024 862 3092 ullo
886 3025 970 3092 malo
991 3025 1119 3110 ingenio
1143 3030 1175 3092 et
1197 3024 1266 3092 sine
1288 3023 1354 3093 ullo
1379 3025 1495 3091 iniusm
1528 3043 1529 3120 ι

319 3141 422 3229 pretio
438 3141 488 3208 vel
510 3141 579 3207 sine
601 3140 668 3207 ulla
689 3140 840 3208 dilatione
864 3148 1005 3209 autnon
1027 3141 1206 3209 neccssaria
1228 3149 1337 3208 mora·
1360 3141 1496 3229 pleniter

320 3262 354 3326 ct
374 3256 699 3344 inreprehensibiliter
722 3262 755 3325 at
777 3259 859 3324 iuste
882 3277 919 3324 ae
940 3264 1026 3326 recte
1049 3279 1106 3346 per
1129 3257 1236 3325 omnia
1257 3257 1401 3342 faciatis,
1433 3259 1496 3325 sive
1528 3287 1529 3352 ι

321 3374 361 3442 ud
384 3395 439 3442 vos
467 3375 554 3462 ipsos
583 3373 650 3440 siva
676 3374 717 3440 ad
739 3374 878 3441 iuniores
900 3379 1022 3442 vostros
1046 3393 1102 3442 seu
1125 3373 1165 3441 ad
1188 3392 1421 3461 quemcumque
1444 3375 1496 3442 ho-

319 3491 439 3558 minem
467 3491 620 3578 pertinet,
649 3495 687 3557 ut
713 3490 828 3557 exinde
856 3495 889 3558 at
916 3490 1002 3578 apud
1024 3490 1126 3557 Deum
1156 3490 1334 3558 mercedem
1358 3495 1391 3558 ει
1413 3489 1497 3579 apud
1528 3471 1529 3566 l

322 3607 483 3673 dominum
507 3611 650 3673 nostrum
673 3606 789 3673 bonam
812 3607 973 3694 recipiatis
996 3606 1245 3674 retributionem.
1286 3627 1288 3638 ’

410 3722 534 3790 Deinde
556 3728 593 3790 ut
615 3723 804 3808 quicumque
818 3723 908 3790 vobis
930 3721 1064 3791 rebelles
1078 3729 1135 3790 aut
1148 3723 1367 3790 inobodienms
1381 3723 1498 3791 luerint

324 3841 356 3905 et
370 3837 458 3906 vobis
481 3858 539 3906 nec
562 3839 734 3906 secundum
757 3839 912 3906 iustitiam
936 3839 1113 3906 auscultare
1129 3838 1297 3925 voluerint,
1320 3839 1496 3908 inbreviate
1528 3841 1529 3876 l

322 3953 405 4037 illos,
429 3954 674 4040 quanticumque
694 3955 828 4037 inerint3
857 3960 889 4022 et
911 3960 967 4022 aut
989 3962 1093 4040 amma
1117 3957 1144 4021 si
1166 3975 1295 4024 necasse
1316 3956 1427 4039 fuerit,
1451 3975 1497 4024 re·

323 4069 482 4154 mandate,
506 4075 562 4137 aut
581 4071 672 4138 nobis
695 4072 774 4159 ipsis
795 4091 865 4138 cum
881 4071 1011 4138 insimul
1025 4072 1177 4140 fuerimus
1193 4072 1299 4156 dieite,
1322 4077 1359 4140 ut
1374 4073 1497 4154 exinde,
1528 4051 1529 4146 l

324 4185 496 4258 secundum
520 4187 602 4272 qnod
626 4185 772 4254 dominus
795 4193 902 4256 noster
925 4187 1178 4254 commendatum
1201 4188 1307 4273 habet,
1333 4189 1497 4256 molamus

413 4301 536 4370 Deinde
557 4307 593 4370 ut
614 4303 674 4370 hoc
695 4304 870 4371 certissime
886 4303 1089 4390 provideatis,
1111 4304 1140 4371 si
1155 4303 1341 4391 aliquidaut
1356 4305 1399 4374 de
1415 4305 1498 4374 omui

397 4457 419 4490 ι.
442 4457 506 4492 mora
520 4449 659 4492 coniecerunt
675 4448 746 4492 Men.
762 4455 784 4491 et
798 4447 855 4492 Dor.
868 4463 912 4506 pro
928 4459 969 4493 ort
984 4447 1037 4493 cod.
1528 4469 1529 4514 l
