3048 4966
245 397 298 454 786

713 204 825 254 Pomm
849 203 949 252 sum.
985 205 1052 253 um.
1067 203 1094 252 11

474 369 622 455 Undique
644 385 723 454 paee
744 365 820 432 data
842 365 954 433 statuit
975 363 1108 432 Romam
1130 361 1285 451 profluisoi

408 507 454 553 sao
476 487 543 553 Neo
565 505 629 550 non
651 482 761 552 ltaliae
783 481 939 567 reliquam
961 481 1022 548 sibi
1045 481 1181 548 subdere
1202 486 1338 568 partem3

476 603 573 669 Cuius
596 606 666 668 erat
686 600 805 667 uiotum
828 603 924 686 eaput
947 603 978 665 et
1000 617 1075 684 pers
1098 597 1248 682 maxima,
1271 603 1363 684 oapto

476 719 544 786 Iam
566 716 732 784 Desiderio
755 714 1034 800 Langobardisque
1056 713 1204 781 subaotis.

476 834 619 902 Ducatus
641 831 882 900 Beneventanus
904 835 1029 898 tantum
1050 830 1188 914 regionis

477 951 548 1018 Non
571 949 619 1016 illi
642 949 803 1017 subiectus
826 953 904 1033 erat,
929 947 981 1014 oui
1003 947 1141 1034 praefuit
1162 946 1216 1013 illo

410 1087 456 1134 ase
479 1067 634 1154 Tempore
657 1066 722 1132 dux
744 1065 909 1150 Aragisus.
943 1063 1028 1130 Eum
1049 1069 1126 1130 tuno
1148 1062 1348 1147 aggrediendi

478 1184 639 1250 Ascensus
664 1181 778 1266 studio,
803 1185 973 1268 partesque
995 1180 1155 1266 proleotus
1176 1180 1211 1246 in
1232 1179 1315 1264 illas,

463 1277 684 1367 'eccelerate
705 1297 782 1379 iter;
806 1317 901 1383 quem
923 1316 986 1363 non
1008 1296 1136 1364 tardare
1160 1294 1284 1362 valebat

478 1414 537 1482 Vel
560 1413 701 1498 glacialis
724 1413 837 1498 hiems,
861 1411 962 1480 solitis
985 1413 1050 1480 iam
1074 1411 1234 1480 mensibus
1255 1413 1382 1496 instans,

479 1531 536 1598 Vel
560 1531 612 1596 via
634 1526 791 1597 terribiles
814 1530 885 1596 risu
908 1529 1088 1597 scandenda
1108 1549 1167 1615 per
1188 1528 1287 1615 Alpes

413 1668 458 1714 aso
480 1647 640 1715 Montibus
663 1646 697 1711 in
720 1646 864 1730 summis,
887 1645 942 1712 ubi
964 1650 1067 1713 tectae
1088 1645 1224 1713 nubibus
1247 1645 1323 1712 atris

479 1763 528 1831 Ao
550 1763 623 1830 nius
645 1766 800 1849 perpetus
822 1783 916 1850 rupes
941 1763 981 1828 ad
1003 1762 1107 1830 sidera
1129 1767 1271 1846 surgunt

479 1879 683 1947 Transcensis
708 1878 831 1964 quibus,
855 1879 980 1946 Italicas
1002 1880 1178 1946 intraverat
1199 1880 1300 1947 urbes.

477 1996 529 2064 Ex
553 1996 666 2084 quibus
690 2000 739 2062 est
762 1995 896 2082 quedam
920 1995 1082 2062 Florentia
1103 1997 1230 2064 nomine
1251 1996 1340 2079 diets,

479 2112 516 2180 ln
540 2132 612 2198 qua,
635 2111 770 2195 virginei
792 2116 903 2197 partus
925 2111 1036 2180 florem
1057 2117 1236 2198 veneratus,

411 2249 456 2296 aru
479 2228 598 2296 Christi
620 2215 817 2294 sanctificum
840 2228 975 2316 supplex
998 2229 1212 2296 eelebraverat
1234 2233 1342 2296 ortum.

480 2345 556 2413 Inde
579 2344 641 2410 aito
664 2343 797 2410 Romam
820 2364 914 2410 eursu
936 2351 1104 2432 penetrare
1126 2347 1250 2430 sategit.

525 2459 603 2546 Quo,
627 2479 698 2527 eum
723 2461 862 2547 suseepti
884 2465 1025 2528 traotaus
1046 2461 1211 2528 molimina
1232 2459 1304 2530 belli

479 2577 616 2644 Parvum
640 2576 830 2660 transigeret
852 2581 988 2664 tempus,
1012 2579 1142 2665 cupiens
1163 2577 1313 2663 Aragisus

480 2693 573 2761 Hune
595 2713 672 2760 auro
696 2713 789 2778 quem
812 2713 875 2760 non
898 2694 1003 2780 potuit
1024 2693 1182 2782 depellere
1204 2696 1296 2780 forro,

412 2829 458 2878 auo
480 2810 541 2878 Per
564 2815 675 2876 uatum
698 2809 787 2875 misit
809 2810 972 2897 proprium
996 2831 1091 2897 quarn
1114 2813 1253 2878 maxima
1275 2812 1358 2894 dona

482 2925 675 3014 Suppliciter
698 2945 810 3012 paoem
831 2927 983 3010 rogitans.
1020 2926 1083 2994 Sed
1104 2948 1172 3013 res,
1196 2928 1256 2996 sibi
1276 2928 1359 3012 louge

480 3043 529 3111 De
553 3043 646 3110 rebus
670 3042 771 3129 ooptis
794 3041 887 3109 aliter
909 3049 997 3110 ratus
1021 3064 1090 3112 esse
1111 3045 1291 3129 gerendum,

481 3159 550 3239 Qua
571 3159 683 3246 prebet
704 3157 786 3225 latos
809 3157 985 3246 Campania
1006 3160 1120 3228 fertilis
1143 3181 1245 3246 agros,

481 3275 558 3343 Illue
580 3294 777 3362 progressus,
801 3273 911 3362 Capua
934 3275 1075 3344 consedit
1097 3277 1131 3344 in
1154 3277 1244 3360 urbe;

416 3411 461 3460 roe
485 3391 639 3460 Gesturus
662 3391 771 3458 statim
793 3390 921 3476 bellurn,
945 3392 1007 3459 nisi
1029 3393 1095 3460 dux
1116 3397 1302 3462 memoratus

481 3508 634 3576 Prudenti
657 3506 784 3574 sibimet
804 3509 888 3576 laeto
911 3508 990 3577 bene
1013 3509 1231 3579 consuluisset.

482 3624 566 3693 Nam
588 3624 691 3712 primo
713 3622 807 3690 firma
828 3645 862 3691 se
885 3624 998 3692 elausit
1019 3627 1054 3692 in
1075 3627 1153 3695 urbe
1176 3626 1315 3706 Selorum

483 3740 564 3807 Tum
586 3746 678 3808 natos
702 3745 851 3826 utrosque
874 3761 957 3826 suos,
982 3762 1114 3828 quorum
1137 3743 1288 3812 vooitatus

483 3856 656 3923 Rumoldus
679 3857 781 3924 maior
802 3857 906 3925 fuerat
928 3857 1109 3926 Grimoldus
1132 3866 1165 3926 st
1186 3859 1273 3943 alter,

290 3983 292 3988 ’
416 3992 461 4039 reo
484 3971 591 4040 Missis
614 3972 726 4058 legatis
749 3973 816 4058 regi
839 3974 1040 4060 contradidit,
1064 3994 1102 4041 aa
1123 3995 1158 4050 se

483 4088 587 4175 Ipsius
610 4089 753 4176 imperiis
776 4090 952 4158 subieotum
975 4097 1079 4159 mente
1102 4091 1187 4160 fideli

483 4204 668 4272 Mansuram
691 4207 906 4294 populumque
929 4227 1021 4275 suum
1043 4210 1234 4296 promiserat
1254 4225 1371 4277 omrem.

485 4320 613 4390 Talibus
637 4322 762 4406 oblatis,
786 4321 891 4390 Caroli
913 4325 1113 4409 requieverat
1134 4325 1236 4394 ardor.
