3048 4934
417 221 535 272 uonux
557 221 762 272 annuimus.
797 221 885 273 mu
1195 209 1240 278 23

63 377 190 444 subbato
220 385 332 447 sancta
360 381 507 467 pubplico
533 381 688 451 lectiones
715 384 820 466 legero
849 388 881 451 ct
903 384 944 451 ud
966 385 1079 452 missus
1102 385 1239 472 psallero

63 501 113 560 aut
141 494 274 562 alleluiu
296 495 347 563 vel
369 499 614 584 responsorium.
716 499 764 566 De
792 499 841 566 his
870 501 904 566 in
931 499 1012 567 libro
1040 501 1238 570 decretorum

10 627 11 630 ’
62 611 140 677 beati
163 610 291 679 Golusii
311 633 410 700 papo,
439 614 576 700 capitulo
601 611 662 681 26¹
684 615 875 682 destinatum
899 621 962 682 est:
992 618 1102 700 Quod
1123 621 1237 706 nesae

62 732 122 808 cit,
144 730 329 814 feminae
352 734 480 796 caceio
503 733 703 798 altaribeec
729 736 963 800 ministrare
990 735 1051 800 oel
1077 737 1238 823 aliquid

62 867 102 910 eu
126 845 205 928 bie,
242 869 341 932 quae
367 850 545 914 cicorum
572 861 662 914 cant
693 849 853 934 officiis
877 851 1087 937 deputata,
1114 875 1236 940 peae-

61 984 217 1027 camere.
261 963 499 1029 Nibilbominae
533 967 728 1051 inpatienter
756 967 952 1047 aude'oimcee,
986 977 1124 1033 tantum·
1153 970 1236 1034 diui-

61 1101 170 1143 nanem
198 1101 311 1144 remm
337 1080 470 1146 eabiisee
497 1081 688 1168 despectum,
721 1094 757 1148 cet
779 1082 925 1167 feminae
952 1086 1053 1148 caceio
1081 1085 1236 1150 abactas

61 1198 242 1260 amicare
265 1196 450 1279 firmanum,
486 1195 678 1284 cunctaque*
706 1221 770 1263 non
798 1201 865 1264 nici
890 1201 1032 1264 uirorum
1055 1200 1238 1286 famulatui

61 1312 209 1397 deputata
233 1333 353 1392 cecam,
378 1316 432 1378 cai
452 1335 516 1378 non
539 1317 694 1400 competit,
720 1315 878 1393 eabibere,·
901 1318 967 1381 niei
989 1318 1074 1402 qaod
1097 1320 1237 1383 omnium

62 1427 263 1508 delictorum,
301 1451 382 1514 qaae
408 1430 595 1516 einpillatim
623 1433 902 1517 pereteincaimue,
933 1435 1103 1498 nacionum
1130 1447 1236 1500 recem

62 1547 157 1610 omnio
181 1558 213 1610 et
236 1548 354 1610 crimen
377 1567 428 1612 eae
451 1549 579 1633 respicit
601 1549 786 1628 cacerdotee,
811 1550 870 1633 qui
889 1549 939 1614 vel
960 1551 1022 1614 ieta
1043 1552 1237 1616 committant

63 1661 106 1724 cel
125 1665 351 1728 committentes
373 1665 501 1728 minime
518 1663 714 1750 publicando
741 1667 852 1751 precio
875 1664 1047 1730 eaceecibae
1070 1687 1103 1746 ee
1120 1665 1237 1751 facere

144 1891 284 1960 Sextum
299 1892 473 1981 capitulum
495 1893 534 1961 dc
550 1893 664 1978 viduiS,
687 1895 714 1960 si
737 1895 861 1982 possint
882 1895 928 1961 im
950 1893 1089 1982 propriis
1111 1895 1235 1962 habita·

64 2009 135 2076 culis
158 2011 229 2077 suis
253 2010 377 2078 salvaro
398 2010 529 2076 unimus.
620 2009 699 2078 Item
717 2031 755 2078 cx
771 2011 881 2078 eodem
896 2010 994 2094 libro;
1018 2011 1156 2099 capitulo
1173 2007 1235 2078 21¹

63 2125 104 2192 iu
123 2127 323 2194 continetur:
364 2127 410 2194 Ut
436 2129 580 2194 viduae
607 2151 682 2194 non
708 2129 920 2210 celentur-⁶,
950 2141 984 2195 et
1010 2131 1047 2194 ei
1074 2129 1234 2216 projee-

64 2267 136 2308 cam
172 2247 485 2325 continenciam,
524 2247 731 2331 proposito
764 2257 926 2326 mutato,
966 2245 1233 2328 calcaverint,

65 2363 169 2446 ipeae
186 2385 266 2448 pra
290 2383 330 2426 ee
351 2364 550 2426 racionem
564 2360 645 2426 Deo
666 2383 739 2447 pro
760 2364 842 2426 eaie
865 2364 947 2427 eint
969 2361 1123 2428 actibuc
1144 2363 1233 2427 red·

65 2478 227 2544 cicerae.
264 2477 354 2543 Nam
376 2479 414 2542 de
435 2478 540 2542 ciduic
562 2480 630 2543 eine
651 2477 720 2542 alla
740 2478 955 2543 benediccione
976 2478 1119 2543 celandie
1141 2501 1234 2565 cape-

67 2597 125 2658 eiue
152 2592 272 2660 latim*
301 2595 449 2659 decimae
477 2595 706 2675 dieeerendam,
743 2615 825 2680 qaae
852 2597 884 2660 oi
909 2597 1051 2682 propria
1077 2591 1236 2660 bolantate

66 2711 393 2796 profectam‘pcictiai
414 2713 555 2796 eoniapii
575 2713 763 2792 caetitatem,
786 2710 934 2776 mutabili
954 2723 1068 2792 mente,
1094 2711 1233 2776 calcave-

66 2829 138 2907 rint,
164 2827 311 2914 periculi
338 2829 420 2892 ciac·
445 2829 601 2908 intererit,
633 2829 724 2913 quali
744 2827 850 2893 Deam
878 2828 987 2894 debeat
1015 2827 1235 2913 satisfaccione

67 2942 196 3026 placare.
236 2943 329 3010 Sient
350 2944 432 3007 enim
447 2945 477 3007 ei
490 2965 522 3008 ee
534 2943 681 3028 feneitan
704 2945 861 3010 condecere
882 2966 947 3009 noa
966 2955 1100 3030 poterat,
1124 2965 1234 3008 cecan-

68 3057 134 3122 dum
162 3059 361 3147 apoctolam,
391 3059 570 3124 nallatenae
596 3060 712 3126 nabere
739 3060 916 3141 vetabatur,
945 3061 992 3125 eic
1018 3059 1158 3125 tabitam
1185 3081 1233 3124 ee-

69 3177 195 3240 mndam
221 3177 480 3242 deliberacionem
496 3179 692 3263 promittam
709 3176 779 3242 Deo
799 3178 981 3264 pudiciciae
994 3175 1093 3259 fidem
1115 3172 1235 3240 debuit¹

70 3294 227 3358 cuaediee.
266 3292 336 3358 Noc
359 3306 462 3358 autem
484 3293 607 3358 nnllam
629 3293 744 3358 talibas
768 3293 914 3379 laqueum
936 3292 1080 3358 debeatne
1102 3294 1234 3368 inicere,·

69 3410 116 3472 ced
128 3410 232 3475 tolum
247 3409 484 3475 adhortacionec
499 3410 639 3496 praemii
654 3411 837 3496 eenepitemi
855 3429 1038 3496 poenaeque
1054 3429 1235 3494 proponere

71 3525 162 3592 divini
181 3528 309 3606 indicii,
332 3538 368 3592 cet
388 3539 498 3591 nautea
520 3528 563 3591 eit
584 3526 727 3591 obcelata
749 3527 948 3605 conscientia,
972 3537 1002 3590 et
1022 3525 1152 3590 illarum
1173 3547 1234 3610 pro

72 3663 97 3705 ee
114 3647 270 3709 rationem
291 3642 363 3708 Deo
385 3644 498 3709 reddat
520 3645 659 3708 intentio.

150 3758 330 3846 Septimum
346 3756 519 3845 capitulum
535 3757 573 3824 de
589 3757 670 3824 laico
689 3755 826 3844 pellente
842 3775 933 3821 suam
949 3755 1124 3840 coniugem.
1184 3754 1235 3821 Ex

74 3892 178 3942 canone
193 3879 379 3942 sanctorum
395 3873 609 3962 apostolorum
626 3867 703 3940 48³:
728 3873 770 3939 Si
784 3875 854 3959 quic
871 3873 981 3952 teian,
1005 3895 1135 3938 acorem
1156 3895 1234 3960 pm·

134 4024 153 4055 ι.
175 4007 413 4056 tautum-cubiissc
431 4011 515 4067 partim
532 4011 553 4054 in
570 4009 647 4054 litura.
724 4005 747 4052 b.
771 4007 897 4064 canemque
914 4018 971 4064 quuc
987 4023 1007 4051 c.
1086 4018 1106 4051 c.
1130 4005 1235 4063 upouti-

76 4087 143 4136 tubus
162 4094 276 4152 corrigens
299 4105 380 4136 munus
401 4091 496 4150 antiqua
518 4088 619 4135 addidit.
700 4087 723 4134 d.
746 4086 793 4134 luto
812 4103 869 4133 corr.
885 4089 908 4132 in
928 4085 996 4132 latius
1012 4101 1033 4131 c.
1116 4098 1136 4130 c.
1159 4083 1193 4140 315
1215 4101 1235 4128 c.

75 4165 88 4210 l.
107 4167 151 4215 buil
164 4189 221 4218 carr.
236 4173 260 4216 ia
277 4168 358 4216 debuit
374 4187 394 4214 c.

136 4267 159 4320 1.
177 4283 220 4336 up.
231 4264 398 4336 Dionysium
409 4264 427 4318 l.
437 4263 455 4320 1.
467 4279 495 4334 p.
505 4263 566 4318 539.
639 4264 664 4316 2.
684 4277 728 4332 up.
738 4260 901 4333 Dionysium
915 4261 933 4316 l.
943 4260 960 4314 l.
973 4275 1001 4330 p.
1011 4259 1073 4314 536.
1145 4257 1171 4313 3.
1190 4272 1235 4327 cp.

77 4349 222 4425 Dionysium
240 4356 258 4410 l.
273 4355 292 4409 l.

1289 401 1342 459 ‘14⁷

1264 476 1366 524 clauc
